2982 4913
1004 294 1512 378 ,ΡΜΕι-Ατιο.
2079 368 2088 379 ,
2146 342 2150 349 -
2185 306 2352 368 xvu
2431 398 2436 405 .

188 470 756 563 provinciarumque
776 465 1113 530 rectoribus
1157 489 1227 530 ac
1260 466 1405 531 belli
1428 464 1685 531 ducibus
1701 468 1994 534 maiorem
2018 471 2083 535 in
2101 472 2354 538 modum

186 573 706 640 commodatus-am
732 578 966 652 putem.
1051 567 1209 628 Cum
1253 577 1457 630 autem
1495 569 1700 631 virum
1738 568 2051 652 politicum
2090 571 2171 634 ad
2197 572 2356 635 bene

184 673 519 760 regendum
559 669 694 731 aliis
734 688 978 751 quoque
1005 665 1330 728 virtutibus
1362 665 1554 729 nihilo
1583 668 1783 730 minus
1825 671 2184 733 instructum
2224 692 2356 735 esse

183 783 460 858 oponeat
478 814 500 852 ,
541 791 620 831 ne
647 789 859 831 earum
896 765 1141 850 quidem
1193 765 1463 848 exempla
1502 766 1980 853 documentaque
2007 769 2106 832 bic
2129 769 2356 835 frustra

182 876 483 958 requiras.
569 869 646 930 In
674 867 895 951 quibus
924 864 1119 949 qualis
1149 864 1329 927 fuerit
1356 865 1849 949 Cantacuzenus,
1889 868 2051 933 infra
2073 870 2354 933 ostende

179 996 351 1038 mus.
412 974 479 1032 in
508 989 795 1054 praesens
833 966 1062 1051 aliquid
1105 963 1182 1041 de
1209 964 1565 1028 Andronico
1592 966 1861 1029 dicemus
1884 1012 1905 1048 ,
1964 989 2185 1052 quem,
2245 972 2355 1055 qui

181 1096 216 1136 a
246 1073 560 1134 Clemente
587 1070 670 1135 V.
701 1067 981 1151 pontifice
1022 1066 1285 1127 maximo
1325 1067 1391 1128 in
1435 1078 1737 1151 extravag.
1765 1069 2188 1133 communibus
2205 1116 2227 1154 ,
2284 1083 2357 1135 ut

179 1173 624 1236 haereticorum
679 1178 741 1230 et
767 1167 1102 1229 schismatis
1160 1167 1393 1249 antiqui
1421 1152 1719 1228 fautorem
1745 1171 2357 1235 excommunicatione

183 1293 540 1357 percussum
569 1269 867 1331 existimat
885 1310 906 1347 ,
946 1269 1002 1329 is
1038 1277 1317 1350 tempora
1341 1266 1503 1329 male
1526 1269 1876 1350 componit,
1918 1279 1979 1331 et
2019 1258 2355 1353 οἷνιστορη-
2433 1307 2444 1313 -

184 1372 290 1459 clu
336 1371 654 1433 manifeste
705 1366 961 1431 laborat.
1060 1367 1185 1445 Qui
1230 1368 1393 1428 enim
1441 1376 1589 1427 tunc
1645 1366 1984 1450 imperabat
2001 1410 2021 1447 ,
2088 1379 2149 1429 et
2193 1368 2356 1433 ultra

182 1471 384 1533 adhuc
430 1471 603 1532 annis
644 1467 990 1552 quindecim
1034 1476 1173 1550 post
1198 1465 1537 1529 Clementis
1554 1488 1590 1528 e
1635 1469 1763 1529 vita
1806 1466 2178 1531 discessum
2161 1490 2356 1554 impe-

179 1574 351 1632 ravit
396 1569 797 1631 Andronicus
813 1567 1055 1645 senior,
1106 1585 1279 1627 sacro
1330 1565 1438 1627 illo
1480 1540 1732 1627 fulmine
1764 1577 1959 1629 tactus
1998 1578 2109 1637 est.
2186 1569 2356 1654 Ergo

186 1673 256 1732 in
284 1667 637 1730 Andronico
669 1666 912 1727 iuniore
938 1663 1267 1726 Christiani
1310 1667 1690 1748 imperatoris
1722 1686 2101 1751 expressum,
2143 1690 2214 1732 ac
2257 1672 2355 1733 vi-

184 1790 338 1831 vum
367 1763 818 1852 quodammodo
864 1761 1257 1828 simulacrum
1284 1763 1387 1827 hic
1413 1766 1791 1849 proponitur.
1873 1766 1990 1833 Est
2026 1769 2188 1829 enim
2207 1811 2228 1848 ,
2287 1780 2358 1833 ut

182 1869 391 1953 paucis
445 1877 509 1928 et
540 1865 892 1928 summatim
932 1884 1208 1948 agamus,
1251 1863 1463 1927 excelsi
1481 1909 1504 1946 ,
1547 1884 1659 1927 nee
1702 1865 1904 1927 minus
1942 1864 2196 1929 modesti
2224 1870 2357 1933 ani-

180 1970 295 2048 mi,
333 1964 664 2046 beneficus,
705 1964 879 2026 fortis
907 1974 970 2025 et
1005 1984 1354 2048 generosus,
1390 1963 1683 2027 adversus
1707 1961 1865 2027 bene
1889 1976 2189 2043 merentes
2219 1988 2360 2050 gra-

179 2078 303 2146 tus,
344 2067 672 2145 humanus,
712 2064 1097 2145 iniuriarum,
1139 2062 1541 2148 laborumque
1574 2061 1865 2146 tolerans,
1905 2065 1973 2127 in
1997 2064 2361 2149 ignoscendo

180 2167 343 2227 mitis
361 2210 383 2248 ,
443 2164 783 2227 misericors
802 2207 823 2245 ‚
885 2163 1051 2246 pacis
1078 2163 1334 2247 cupidus
1356 2206 1377 2242 ,
1433 2165 1502 2225 in
1547 2162 1942 2226 consultando
1979 2186 2120 2227 cum
2151 2168 2362 2229 amicis

180 2264 435 2349 diligens
489 2262 692 2348 (quod
730 2272 942 2324 contra
984 2266 1274 2325 mentitur
1312 2264 1614 2347 Gregoras
1639 2308 1660 2343 ,
1720 2263 1869 2325 dum
1912 2263 2162 2327 consilia
2191 2264 2376 2330 nulla.

180 2364 493 2426 admisisse
513 2406 536 2445 ,
597 2372 659 2424 et
690 2362 1014 2446 imperium
1050 2361 1377 2447 neglexisse
1411 2344 1719 2442 autumat)
1755 2362 1837 2424 ab
1875 2362 2017 2425 odio
2052 2365 2118 2426 in
2146 2386 2360 2450 quem-

182 2484 369 2547 quam
415 2461 803 2546 suscipiendo
845 2461 1075 2525 alienus
1092 2507 1111 2544 ,
1165 2465 1456 2547 pecuniae
1481 2462 1749 2526 liberalis
1766 2508 1786 2545 ,
1826 2463 2180 2528 aedificandi
2229 2476 2361 2528 stu-

182 2562 388 2626 diosus
409 2607 432 2644 ,
498 2582 643 2646 erga
687 2562 889 2624 Deum
909 2605 929 2642 ,
993 2561 1234 2625 caelites
1257 2607 1278 2642 ,
1333 2562 1674 2625 sacerdotes
1692 2605 1714 2643 ,
1781 2584 1968 2626 avum
2007 2567 2163 2627 mire
2201 2567 2362 2649 pius.

182 2662 401 2723 Insimt
430 2661 499 2723 in
527 2661 627 2722 his
656 2660 829 2723 libris
855 2662 1103 2745 insuper
1129 2660 1250 2724 alia
1277 2663 1343 2734 in
1371 2661 1506 2724 aliis
1531 2662 1982 2747 praeclarorum
1997 2664 2359 2745 facinorum,

180 2772 239 2824 et
266 2759 471 2845 (quod
500 2759 1004 2822 dissimulandum
1049 2782 1177 2823 non
1205 2761 1329 2844 est)
1354 2763 1536 2824 etiam
1572 2763 1898 2847 insignium
1924 2765 2216 2828 vitiorum
2256 2786 2361 2826 ex-

180 2861 380 2945 empla
399 2883 419 2923 z
485 2881 749 2945 quorum
780 2871 852 2922 ut
878 2859 985 2923 illa
1025 2861 1317 2922 imitanda
1335 2905 1355 2942 ‚
1398 2864 1484 2924 sic
1514 2864 1630 2923 ista
1673 2863 1956 2925 evitanda
1979 2864 2169 2926 nobis
2201 2874 2363 2928 sunt.

182 2961 416 3023 Notum
463 2972 556 3023 est
602 2980 866 3043 namque
908 2957 1064 3020 illud
1107 2960 1415 3021 Romanae
1466 2959 1756 3023 historiae
1806 2963 2114 3046 principis.
2212 2962 2362 3025 Hoc

182 3059 359 3123 illud
393 3070 489 3123 est
515 3061 858 3145 praecipue
902 3058 973 3121 in
1003 3058 1359 3140 cognitione
1398 3077 1614 3119 rerum
1661 3060 1911 3122 salubre
1968 3078 2043 3121 ae
2074 3056 2359 3142 frugife-

180 3180 323 3222 rum
343 3206 373 3236 ,
434 3162 639 3226 omnis
692 3172 752 3221 te
807 3157 1090 3242 exempli
1136 3155 1511 3219 documenta
1561 3156 1629 3219 in
1667 3158 1905 3220 illustri
1949 3159 2166 3242 posita
2216 3180 2361 3221 mo·-
2478 3199 2484 3210 ·

185 3273 486 3323 numento
522 3257 799 3331 intueri,
844 3254 1011 3318 unde
1059 3256 1177 3321 tibi
1191 3300 1221 3330 ,
1262 3270 1525 3342 tuaeque
1570 3257 1955 3341 reipublicae
2007 3254 2186 3343 quod
2222 3257 2364 3320 imi-

182 3370 317 3422 tere
365 3360 621 3443 capias.-
679 3355 847 3420 unde
874 3354 1151 3439 foedum
1183 3357 1477 3441 inceptu,
1519 3354 1793 3439 foedum
1829 3357 2011 3420 exitu
2054 3355 2234 3441 quod
2263 3357 2362 3419 vi-

182 3468 295 3520 tes.
381 3458 584 3520 Habet
620 3457 723 3518 hic
753 3454 899 3537 dux,
940 3455 1124 3518 babet
1164 3455 1337 3517 miles
1358 3500 1378 3535 ,
1435 3453 1622 3517 habet
1646 3457 1921 3540 privatus
1947 3457 2098 3519 civis
2117 3500 2138 3538 ‚
2178 3455 2364 3520 habet

182 3558 597 3640 magistratus,
638 3555 869 3620 babent
901 3557 1084 3636 sacri,
1117 3554 1346 3617 habent
1390 3554 1655 3639 profani,
1698 3554 1927 3618 habent
1962 3557 2209 3635 summi,
2245 3556 2360 3618 ha·-

181 3653 334 3716 bent
374 3656 591 3736 infimi,
646 3653 874 3716 habent
915 3654 1035 3716 viri
1054 3697 1074 3732 ,
1128 3653 1356 3715 habent
1393 3652 1677 3716 mulieres
1698 3698 1719 3736 ‚
1785 3654 1954 3739 quod
1989 3653 2091 3718 vel
2129 3650 2363 3737 fugiant

183 3753 286 3816 vel
326 3767 682 3839 sequautur.
787 3754 1004 3815 Insunt
1046 3756 1347 3816 orationes
1389 3754 1827 3816 creberrimae:
1891 3775 2044 3839 quas
2080 3772 2222 3815 cum
2259 3751 2362 3813 hic

185 3864 400 3915 auctor
440 3855 700 3918 directas
729 3851 910 3916 valde
945 3863 1107 3915 amet
1145 3853 1321 3935 (sunt
1361 3854 1525 3916 enim
1565 3855 1952 3937 speciosiores
2015 3864 2078 3916 et
2118 3853 2362 3938 gravio-

186 3971 283 4014 res
306 3953 328 4034 )
355 3974 466 4015 nos
502 3956 810 4019 interdum
837 3959 1152 4023 brevitatis
1180 3964 1375 4045 gratia
1398 4007 1418 4045 ‚
1461 3972 1524 4025 et
1564 3961 1644 4023 ad
1690 3960 2000 4025 vitandam
2045 3981 2116 4022 ex
2147 3958 2361 4022 simili-

184 4051 403 4113 tudine
442 4056 776 4120 satietatem
795 4104 817 4141 ,
889 4058 969 4120 ad
1003 4059 1279 4142 obliquas
1298 4105 1318 4140 ,
1385 4082 1557 4124 more
1601 4062 1963 4124 Caesariano
2002 4061 2362 4143 redegimus.

189 4146 319 4259 Nee
360 4171 612 4235 possum
656 4154 734 4217 de
788 4158 920 4223 istis
960 4161 1335 4226 orationibus
1389 4163 1725 4248 quidquam
1766 4161 1983 4228 melius
2040 4183 2113 4226 ac
2158 4160 2361 4228 verius

10 4315 31 4330 ¹.
332 4275 777 4337 ecmannus.
1935 4283 1971 4338 b

10 4337 17 4410 Γ
84 4335 209 4456 β-
