2982 4913
958 878 1510 943 stacont
1583 828 2237 943 POANTANI

519 1002 1035 1105 dignitatum
1080 1024 1180 1073 ac
1202 998 1756 1101 functionum
1795 999 2107 1098 palatii
2138 1015 2222 1074 et
2269 998 2697 1077 ecclesiae

621 1129 1503 1232 Constantinopolitanae,
1557 1156 1871 1234 quarum
1913 1130 2315 1207 historicus
2349 1150 2600 1209 noster·

701 1250 1069 1334 meminit,
1119 1270 1226 1325 ex
1282 1244 1733 1346 Curopalata
1777 1262 1850 1322 et
1894 1249 2059 1323 cius
2102 1246 2501 1327 scholia-ste

1110 1366 1581 1463 potissimum
1621 1361 2082 1465 exploratu).

513 1564 873 1673 Δεσπότης
892 1637 912 1672 ,
954 1590 1289 1654 Dominus.
1376 1587 1544 1650 Haec
1573 1588 1896 1673 appellatio
1922 1590 2287 1673 imperator,
2345 1588 2486 1653 filiis
2526 1590 2695 1673 eius,

515 1674 809 1738 fratribus
847 1686 908 1736 et
956 1677 1192 1757 generis
1218 1672 1603 1735 tribuebatur
1628 1676 1981 1756 generatim.
2042 1673 2302 1755 Proprie
2329 1674 2410 1735 ab
2438 1676 2698 1757 impera-

510 1761 674 1821 toria
713 1760 1023 1820 maiestate
1062 1755 1362 1821 secundus
1397 1759 1482 1817 sic
1524 1756 1836 1818 dicebatur
1855 1801 1876 1835 ‚
1916 1777 2099 1839 quem
2124 1759 2487 1819 recentiores
2513 1760 2700 1822 etiam

509 1835 821 1922 σεβαστόν
856 1853 1175 1904 vocarunt.
1262 1840 1396 1900 Hoc
1438 1844 1604 1899 enim
1633 1837 1818 1900 semel
1854 1850 2069 1900 notare
2094 1841 2403 1919 convenit,
2441 1843 2700 1923 impera-

508 1935 675 1987 tores
701 1923 837 1986 illos
864 1926 1136 1986 Orientis
1161 1921 1385 1983 multos
1408 1921 1617 1983 titulos
1644 1921 2001 1984 honorarius
2023 1922 2100 1983 ad
2122 1942 2263 1985 suos
2288 1923 2402 1984 sibi
2436 1922 2700 1985 devinci-

511 2007 701 2069 endos
728 2012 1114 2089 excogitasse.
1160 2007 1234 2066 In
1263 2001 1476 2064 Galliis
1506 2004 1654 2064 olim
1682 2007 1991 2086 proximus
2015 2026 2053 2065 a
2080 2026 2222 2088 rege
2249 2007 2447 2066 maior
2474 2006 2697 2070 domus

507 2089 963 2151 nominabatur.
1048 2090 1421 2149 Graecorum
1450 2090 1884 2169 imperatorum
1915 2088 2186 2170 exemplo
2223 2109 2288 2150 se
2395 2111 2556 2172 oque
2580 2089 2696 2151 de-

506 2184 718 2319 gsa-⁸
761 2191 1330 2332 ammaum&
1353 2169 2273 2323 ffissssgssfflsssszfflff‘ssm
2311 2110 2702 2316 qss'fflffit

512 2348 860 2414 censentur,
888 2359 1029 2398 cum
1056 2359 1169 2420 pro
1198 2337 1461 2418 despotis
1475 2336 1682 2398 Crales
1706 2349 1768 2398 et
1791 2358 2005 2399 uxores
2060 2275 2475 2421 rbgldesffis
2494 2336 2698 2400 Crale-

509 2441 630 2483 nae
644 2419 1049 2505 appellantur3
1090 2420 1206 2483 hoc
1232 2422 1456 2503 quippe
1472 2431 1648 2482 sonat
1673 2442 1895 2483 nomen
1917 2421 2030 2483 bar
2185 2442 2269 2481 m.
2302 2420 2399 2483 Sic
2429 2421 2694 2483 aCanta-

509 2526 738 2568 cuzeno
768 2504 1148 2566 Acarnaniae
1187 2515 1248 2565 et
1289 2503 1564 2565 Aetoliae
1588 2506 1783 2586 princi
1829 2526 1891 2566 es
1916 2503 2200 2587 despotae
2227 2503 2534 2565 dicuntur.
2577 2506 2699 2567 Ve-

508 2609 652 2650 rum
679 2598 885 2650 noster
916 2587 1237 2649 historicus
1267 2586 1734 2648 Constantinum
1824 2587 2099 2649 ndronici
2142 2587 2334 2647 filium
2376 2587 2694 2669 despotam

506 2683 796 2735 'vocatum
824 2671 1057 2750 scribit,
1087 2673 1195 2754 qui
1221 2681 1359 2751 post
1386 2669 1745 2731 Michaelem
1771 2671 2018 2731 fiatoem
2046 2672 2305 2753 genituS,
2336 2691 2448 2752 per
2472 2682 2696 2733 cuncta

505 2756 804 2817 secundas
829 2754 1153 2816 obtineret.
1198 2752 1501 2814 Infantem
1521 2764 1742 2816 vocant
1758 2754 2036 2837 Hispani.
2081 2752 2482 2816 Observanda
2502 2756 2693 2838 igitur

506 2837 629 2901 alia
652 2842 845 2900 notio.
929 2837 1314 2899 Monebimus
1339 2838 1405 2895 in
1434 2836 1732 2898 Annotat.

633 2916 1247 3003 Παρακοιμώμενος,
1280 2917 1537 2981 subaudi
1560 2919 1675 2981 τοῦ
1695 2918 2015 2997 κοιτῶνος,
2044 2917 2329 2997 cubiculi,
2346 2917 2692 2983 Accubitor

504 3005 778 3070 cubiculi
806 3003 885 3065 ad
926 3004 1209 3085 verbum,
1241 3001 1305 3063 id
1334 3014 1425 3064 est
1451 3005 1608 3064 sacri
1635 3001 1898 3064 cubiculi
1958 3023 2064 3063 seu
2120 3002 2504 3063 excubiarum
2530 3005 2690 3065 sacri

503 3088 769 3150 cubiculi
808 3087 1146 3171 praefectus
1166 3131 1186 3164 ‚
1245 3087 1505 3168 principi
1547 3106 1654 3146 seu
1713 3088 2061 3167 imperatori
2115 3106 2153 3146 a
2195 3084 2488 3146 cubiculis
2510 3128 2528 3163 ,
2572 3097 2690 3148 aut

502 3171 844 3255 praefectus
885 3170 1301 3267 excubitorum
1369 3180 1431 3229 et
1458 3168 1778 3228 custodum
1805 3169 1959 3228 sacri
1989 3167 2274 3230 cubiculi.
2360 3168 2562 3251 Caput
2589 3180 2688 3231 est

500 3249 2689 3415 ffimmmmbffl{uffpsscffiffiifflzri‘ffiss‘ffliamffissffid,⁶522

501 3440 693 3502 gnum
721 3416 1157 3480 cubicularium
1184 3416 1368 3498 aliqui
1395 3426 1638 3476 vocant.
1744 3415 2143 3479 Leunclavius
2171 3415 2476 3476 Pandecte
2502 3414 2689 3478 histo—

448 3561 455 3578 ,
500 3505 631 3563 riae
660 3503 955 3562 Turcicae
982 3521 1089 3561 seu
1117 3498 1196 3560 ad
1218 3499 1485 3559 Annales
1514 3500 1825 3561 Turcicos:
1861 3491 2410 3580 παρακοιμῶμενοι
2438 3509 2580 3560 sunt
2599 3501 2688 3560 in·

501 3582 637 3646 timi
667 3582 1048 3660 cubicularii,
1091 3584 1196 3664 qui
1228 3580 1639 3666 augustalibus
1666 3584 1729 3642 in
1760 3582 2051 3644 cubiculis
2080 3593 2139 3642 et
2159 3584 2272 3662 ipsi
2302 3591 2552 3662 propter
2575 3582 2689 3642 im·

612 3680 809 3731 atores
849 3666 1251 3727 dormiebant.
1349 3664 1502 3726 Tale
1540 3686 1704 3726 nunc
1733 3663 1997 3726 officium
2026 3676 2116 3726 est
2142 3686 2178 3724 a
2220 3663 2305 3724 ud
2334 3663 2684 3726 Turcarum

497 3687 821 3814 gualtanum
850 3751 978 3811 eius
1005 3748 1399 3827 cubicularii,
1439 3748 1546 3829 qui
1592 3748 1866 3809 Thiodar
1918 3759 2023 3809 aut
2062 3749 2202 3832 Tm!
2233 3745 2382 3806 adar
2419 3745 2682 3827 appella·

499 3844 628 3897 tur.
716 3837 777 3897 Is
805 3836 967 3896 enim
996 3842 1058 3893 et
1083 3836 1245 3893 intra
1271 3831 1509 3893 Sultani
1538 3830 1884 3893 cubiculum
1909 3842 2094 3892 noctu
2124 3829 2400 3890 excubias
2445 3831 2570 3910 agit
2616 3840 2683 3891 et

495 3916 771 3999 pluviam
798 3916 1030 3978 Sultani
1058 3926 1287 3977 vestem
1314 3926 1530 3996 gestat,
1557 3924 1627 3975 ut
1644 3909 2119 3992 παρακείμενος,
2150 3932 2304 3995 quae
2327 3931 2678 3972 scaraman-

494 4000 666 4085 gium
691 4012 968 4064 vocatur.
1054 3998 1148 4061 Ac
1175 4009 1401 4059 norunt
1425 4018 1654 4074 omnes,
1696 3999 1801 4078 qui
1849 3997 2099 4056 Portam
2138 3994 2424 4056 viderunt
2463 3995 2682 4056 Osma·

493 4088 696 4146 nicam
716 4130 736 4165 ‚
786 4106 913 4146 non
938 4082 1257 4144 Sultanum
1282 4080 1465 4141 modo
1490 4080 1767 4140 comitari
1795 4078 2227 4140 cubicularium
2250 4120 2270 4156 ,
2312 4080 2422 4158 qui
2459 4098 2675 4137 sereno

580 4189 739 4251 oque
762 4166 929 4229 caelo
957 4166 1436 4247 scaramangium
1476 4166 1606 4224 eius
1642 4172 1856 4244 gestat3
1897 4161 2002 4221 sed
2030 4181 2242 4222 omnes
2269 4162 2452 4220 etiam
2480 4162 2675 4241 quoti·

493 4189 835 4316 gieBassas
879 4252 1198 4336 etBegos‚
1239 4242 2675 4334 quotiescumqueperurbemadportamequi-

2969 1930 2982 1963 3-0„
2967 1840 2982 1876 ud
2970 1754 2982 1792 Μ
2973 1670 2982 1706 —a
2972 1568 2982 1623 1-12
2979 1510 2982 1538 -.
2981 1446 2982 1451 Α
2981 1406 2982 1425 μ
2979 1346 2982 1353 .
