2982 4913
579 315 665 377 vl
1011 397 1022 413 ,
1365 254 1980 375 pmofflmm.

578 496 765 547 nam
829 466 1180 558 adhibet,
1245 468 1354 544 ita
1414 484 1510 544 ut
1569 465 1979 543 maximam
2046 482 2348 571 partem
2392 454 2746 559 emenda-
2967 434 2968 499 ἦ

582 591 888 670 tionum
934 614 1200 667 earum
1267 591 1354 667 in
1407 609 1621 667 textu
1668 580 2040 694 reponere
2087 614 2250 664 non
2299 585 2746 666 dubitarim.

583 713 763 811 Quo
814 713 1049 816 magis
1096 710 1521 794 dolendum
1569 731 1712 804 est,
1783 711 2173 787 uberiores
2218 710 2384 823 eius
2428 730 2746 787 annota-

583 836 859 928 tiones,
904 835 1006 910 ad
1051 861 1241 937 quas
1284 835 1649 912 lectorem
1693 861 1770 940 p.
1830 860 1989 934 177.
2019 836 2099 910 C.
2141 831 2500 925 remittit,
2547 860 2750 923 nun-

454 1002 460 1009 ·
584 983 826 1062 quam
890 957 979 1036 in
1048 957 1302 1032 lucem
1349 954 1723 1060 prodisse,
1789 978 2044 1059 neque
2109 954 2429 1040 omnino
2490 954 2591 1032 ab
2655 981 2748 1030 eo

584 1097 882 1161 tantam
927 1079 1015 1156 in
1060 1077 1611 1184 posterioribus
1665 1078 2172 1155 Cantacuzeni
2209 1076 2432 1154 libris
2478 1104 2750 1155 curam

582 1203 911 1311 positam
958 1223 1144 1295 esse,
1196 1218 1490 1306 quanta
1538 1200 1626 1280 in
1676 1197 2124 1303 castigandis
2172 1198 2564 1304 prioribus
2599 1199 2751 1275 ela·

584 1327 888 1407 borasse
937 1323 1356 1405 censendus
1403 1343 1533 1406 est.
1633 1324 2125 1427 Quamquam
2166 1321 2287 1398 vel
2335 1321 2583 1398 inbis
2632 1322 2750 1427 ip-

588 1449 687 1527 sis
733 1448 959 1554 plura
1009 1445 1268 1523 inveni
1288 1503 1311 1538 ,
1388 1469 1591 1549 quae
1654 1470 1834 1523 cum
1883 1441 2279 1521 manifesto
2337 1441 2751 1549 depravata

588 1588 834 1648 essent
877 1587 956 1647 et
999 1570 1281 1674 corrigi
1312 1586 1746 1677 poscerent,
1798 1568 1932 1644 ille
1978 1594 2140 1643 non
2174 1565 2750 1653 animadvertit,

566 1711 734 1794 ‘aut
774 1693 1294 1772 animadversa
1328 1695 1436 1771 ita
1484 1693 1826 1784 tentavit,
1881 1710 1974 1768 ut
2006 1690 2405 1767 veritatem
2436 1682 2754 1797 scripto-

595 1819 854 1923 risque
886 1847 1208 1897 manum
1250 1816 1603 1896 nondum
1633 1802 2009 1921 assecutus
2031 1813 2444 1892 videretur
2479 1820 2755 1920 Itaqu'e

594 1942 756 2049 ipse
786 1940 1247 2019 emendandi
1278 1939 1608 2018 subinde
1638 1940 2075 2046 periculum
2103 1939 2293 2031 feci,
2337 1955 2416 2014 et
2447 1937 2758 2042 siquan-

597 2061 699 2140 do
741 2063 1077 2140 meliora
1106 2090 1197 2139 ac
1246 2064 1425 2143 satis
1472 2083 1676 2143 certa
1724 2080 2234 2173 suppeterent,
2283 2085 2370 2136 ea
2414 2060 2752 2139 breviter

577 2185 956 2266 indicavi.
1051 2187 1328 2266 Codice
1374 2215 1557 2266 usus
1600 2216 1773 2267 sum
1818 2189 2079 2265 nullo:
2134 2182 2506 2264 eiusmodi
2538 2210 2762 2290 prae--⁴

597 2305 776 2387 sidii
824 2308 992 2389 loco
1036 2311 1460 2388 versionem
1481 2310 1814 2387 Pontani
1861 2310 2144 2405 habui3
2195 2309 2488 2417 inspexi
2526 2302 2762 2387 etiam

601 2431 1028 2535 interdum,
1109 2460 1252 2512 nee
1320 2432 1404 2512 id
1449 2434 1615 2513 sine
1663 2426 1936 2542 operae
1982 2433 2289 2527 fructu,
2340 2430 2761 2514 editionem

600 2557 980 2636 Venetam
1034 2584 1102 2635 a.
1160 2585 1369 2661 1729.
1416 2555 1591 2655 fol,
1656 2585 1896 2662 quam
1960 2582 2053 2634 ex
2123 2559 2468 2640 Parisino
2515 2586 2762 2636 exem-

600 2680 736 2787 plo
804 2682 1340 2788 transcriptam
1385 2706 1536 2759 esse
1581 2698 1893 2759 constat.
2006 2683 2118 2758 Ea
2194 2684 2405 2782 enim
2463 2685 2765 2808 aliquot

603 2798 938 2879 menda
915 2829 1071 2879 iam
1110 2819 1443 2880 correcta
1470 2802 1809 2894 exbibet,
1839 2803 2174 2882 aliorum
2203 2822 2460 2888 tamen
2486 2809 2765 2916 passim

604 2924 847 3004 obsita
892 2944 1003 3004 est
1048 2925 1281 3007 turba
1327 2923 1687 3005 foediore.
1805 2927 2166 3040 Denique
2225 2932 2695 3010 nonnullis
2671 2960 2763 3014 m

607 3048 795 3127 locis
849 3049 1555 3139 emendationibus,
1607 3075 1810 3156 'quas
1868 3051 2019 3128 Vir
2059 3054 2432 3148 ‚Illustris‚
2507 3058 2586 3134 Β.
2663 3056 2762 3133 G.

605 3173 1078 3251 Niebubrius
1098 3228 1123 3264 ‚
1191 3192 1304 3268 et,
1374 3177 1596 3252 cuius
1660 3202 1875 3254 nuno
1921 3176 2186 3256 Bonna
2249 3178 2592 3259 distracti
2642 3179 2763 3266 iue-

606 3296 1147 3375 cundissimam
1171 3299 1619 3382 memoriam
1663 3299 1796 3378 hic
1843 3302 2173 3380 recolere
2221 3304 2468 3399 iuvat,
2520 3308 2766 3384 Henr.

608 3417 1067 3513 Grauertus,
1135 3421 1465 3526 margini
1530 3421 1924 3514 editionis,
1991 3452 2148 3529 qua
2212 3445 2436 3522 utor,
2487 3428 2768 3506 adscri-

608 3560 950 3650 pserant,
1010 3541 1303 3648 egregie
1344 3543 1703 3624 adiutum
1742 3575 1868 3647 me
1907 3575 2056 3626 esse
2084 3570 2343 3653 gratus
2370 3551 2764 3656 profiteor.

805 3667 1087 3757 Restat,
1157 3684 1251 3743 ut
1297 3666 1427 3759 iis,
1488 3695 1689 3774 quae
1738 3671 1825 3747 in
1896 3670 2370 3776 praefatione
2432 3673 2778 3749 Pontani·

612 3784 705 3861 de
751 3790 1274 3866 Cantacuzeno
1327 3790 1489 3896 ipso
1542 3793 1857 3897 eiusque
1909 3796 1994 3870 in
2041 3780 2489 3870 enarrandis
2537 3777 2769 3867 rebus

614 3911 764 3988 fide
826 3941 915 3988 ac
988 3915 1241 3991 studio
1286 3917 1446 3992 veri
1497 3916 1672 3991 satis
1724 3918 2123 4021 magnifice
2172 3914 2764 4024 praedicantur,

608 4035 989 4116 iudicium
1026 4037 1304 4115 addam
1338 4037 1478 4114 Ed.
1507 4039 1856 4138 ‘Gibboni
1877 4102 1895 4133 ,
1932 4043 2017 4117 in
2045 4040 2311 4148 primis
2337 4037 2767 4138 intelligen-
2844 4090 2863 4120 .

610 4158 705 4234 tis
735 4158 1014 4237 barum
1048 4189 1309 4240 rerum
1356 4163 1883 4241 existimatoris
1903 4222 1922 4259 ‚
1986 4161 2223 4266 quod'
2259 4161 2444 4239 adeo
2495 4186 2763 4240 verum.
2862 4245 2868 4252 ,
