2982 4913
615 329 713 385 10
1227 336 1241 345 ·
1357 314 1361 319 ’
1414 325 1984 394 οΑΝΤΑουΖΕΝι

597 512 722 555 που
765 487 945 575 ᾆίκην
982 487 1520 576 μεταφερομένων
1561 485 1665 553 ἀεὶ
1703 486 1815 553 καὶ
1861 484 2318 552 ἀπαιτούντων.
2365 484 2440 549 οὔ
2466 485 2596 571 μὴν
2622 485 2788 553 ἀλλά

532 592 707 657 Duae*
743 593 868 656 τῶν
906 591 1021 656 τοῦ
1061 591 1219 654 θεοῦ
1262 588 1590 674 κριμάτων
1628 586 1700 653 τό
1740 588 1947 671 βάθος
1979 592 2277 673 φανεῖται
2302 589 2397 675 τῷ
2417 586 2787 676 βουλομένῳ
2829 644 2840 651 .

591 698 723 768 τοῖς
763 692 1099 779 πράγμασι
1140 688 1483 775 προσέχειν
1528 689 1863 771 ἐπιμελῶς.
1928 687 2152 751 τούτου
2193 685 2272 770 δὴ
2305 688 2504 773 χάριν
2547 684 2793 755 ὤκνουν

593 792 863 858 ἐπιπολὺ
898 795 1024 859 τῶν
1064 790 1265 876 λόγων
1304 789 1611 872 ἅψασθαι
1651 788 1951 865 τουτωνὶ,
1995 789 2108 870 τῆς
2159 786 2510 871 διηγήσεως
2554 788 2788 888 ἀναλο-
2965 866 2966 869 ¹

590 894 919 980 γιζόμενος
958 890 1029 960 τὸ
1074 891 1413 967 πολυειδὲς
1452 890 1565 955 καὶ
1606 887 1906 955 ποικίλον·
1994 887 2136 953 ἐπεὶ
2190 889 2262 953 δὲ
2326 890 2547 974 φιλίας
2604 887 2825 954 offlano
2965 882 2966 919 ³

592 995 1010 1081 ἰσχυρότερον
1052 991 1201 1057 οὐδὲ
1226 991 1661 1076 πιθανώτερον
1682 988 1945 1064 καὶτοῖς
1972 986 2134 1075 ὅπερ
2165 986 2434 1069 δύναμιν
2456 987 2793 1073 ἐγχειρεῖν,
2855 1008 2860 1013 ·

440 1093 781 1181 ,Ρ.4ταῦτῃ
824 1092 1125 1177 βιασθεὶς
1164 1090 1339 1178 κάγώ
1375 1086 1501 1178 ἤδη
1546 1086 1833 1176 ἀρχομαι
1871 1090 2083 1176 λόγου.
2131 1086 2170 1153 ὅ
2213 1087 2284 1152 δὲ
2321 1089 2432 1169 τῆς
2479 1084 2795 1170 ἀληθείας

593 1190 743 1270 θεὸς
792 1192 885 1278 μὴ
926 1191 1210 1279 περιέλοι
1253 1192 1435 1277 λόγον
1480 1190 1794 1278 ἀληθείας
1836 1193 1905 1256 ἐκ
1952 1186 2267 1273 στόματός
2305 1208 2456 1269 μου·
2546 1184 2621 1248 οὔ
2662 1184 2794 1271 γὰρ

594 1293 912 1386 ἀπεχθείᾳ
936 1293 1059 1369 τινὶ
1090 1288 1136 1377 ἢ
1176 1293 1379 1381 φιλίᾳ,
1427 1292 1493 1370 ἐξ
1513 1283 1600 1356 οἶν
1626 1289 1696 1355 τό
1723 1292 1963 1373 ψεῦδος
1998 1287 2269 1355 ἐπιπολὺ
2301 1290 2591 1364 τίκτεται,
2628 1285 2796 1371 πρὸς
2965 1374 2966 1381 ¹

529 1406 538 1415 '
588 1395 850 1473 τούτους
891 1393 1191 1482 ὖπήχθην
1225 1390 1375 1487 τούς,
1410 1391 1656 1476 λόγους,
1692 1390 1844 1472 ,ἀλλ’
1894 1391 2203 1478 ἀληθείας
2242 1393 2427 1455 ἕνεκα
2470 1387 2582 1453 καὶ
2623 1383 2864 1473 πρός10

595 1496 904 1582 ἀληθείας
947 1491 1221 1581 ἐραστὴν
1256 1492 1517 1567 τούτους
1560 1494 1890 1574 ποιοῦμαι.
1973 1490 2071 1557 ἔτι
2117 1492 2187 1556 δὲ
2226 1488 2364 1555 οὔδ’
2398 1490 2562 1576 ἀκοῇ
2586 1489 2794 1553 ταῦτα

570 1595 755 1682 ’πρὸς
806 1590 933 1663 τῶν
972 1584 1412 1679 παλαιοτέρων
1452 1589 1871 1678 παρειληφώς
1913 1587 1955 1678 ἢ
2002 1592 2248 1679 φήμαις
2288 1586 2628 1676 προσέχων
2678 1589 2791 1654 καὶ

532 1695 825 1780 Βμύθοις
861 1694 1032 1783 ὖγιὲς
1073 1694 1256 1759 οὐδὲν
1299 1691 1580 1774 ἔχουσιν,
1623 1693 1689 1771 ἐξ
1721 1683 1808 1757 ὧν
1833 1693 2200 1778 συμβέβηκε
2224 1696 2356 1766 τοῖς
2385 1693 2643 1762 πολλοῖς
2665 1690 2793 1752 τῶν

578 1797 1017 1886 4συγγραφέων
1039 1793 1572 1878 ἀποπλανηθῆναι
1590 1795 1702 1878 τῆς
1726 1792 2052 1878 ἀληθείας,
2081 1792 2216 1857 ἀλλ’
2243 1787 2432 1867 αὖτός
2454 1791 2557 1877 ἐφ’
2586 1787 2792 1854 ἅπασι

591 1896 816 1982 παρών
860 1900 972 1964 καί
1013 1894 1100 1973 ὥς
1140 1892 1346 1960 ἔνεστι
1382 1894 1664 1977 μάλιστα
1704 1892 1962 1977 τάληθῆ
2001 1891 2152 1978 περὶ
2183 1893 2436 1955 πάντων
2477 1888 2657 1975 εἴπερ
2695 1904 2864 1966 τις15

591 1994 795 2076 εἰδώς,
841 1995 1003 2063 οὕτω
1048 1994 1128 2079 δὴ
1167 1993 1518 2078 ποιήσομαι
1555 1990 1668 2078 τὴν
1709 1992 1860 2078 περὶ
1896 1991 2101 2057 αὖτῶν
2133 1990 2440 2077 διήγησιν,
2480 1988 2594 2075 τὴν
2635 1989 2793 2074 ἀλή-

510 2160 519 2173 „
589 2099 777 2162 θειαν
817 2096 1338 2183 προστησάμενος
1377 2095 1489 2158 καί
1526 2092 1736 2179 πάσης
1780 2090 1974 2177 ἄλλης
2011 2093 2219 2167 αἰτίας
2254 2087 2448 2175 αὐτὴν
2474 2091 2789 2175 προτιμή-

589 2219 730 2273 σας.
817 2199 875 2260 εἷ
918 2195 995 2283 δὴ
1038 2193 1118 2261 σύ
1158 2196 1278 2281 μὲν
1323 2193 1633 2280 ἀληθείας
1673 2191 1981 2280 ἐραστὴς,
2039 2191 2154 2277 ἐμέ
2191 2214 2262 2285 τε
2304 2190 2487 2256 οὐδέν
2531 2194 2670 2255 ἐστι
2716 2189 2785 2256 τὸ

529 2303 810 2367 Οπεῖσον
850 2296 1080 2380 ταύτης
1120 2295 1475 2382 ἀποστῆναι
1507 2293 1616 2361 διὰ
1643 2295 1851 2379 πάσης
1877 2297 1990 2378 τῆς
2018 2292 2384 2379 διηγήσεως,
2428 2290 2597 2373 ἔχεις
2629 2288 2789 2377 ὅπερ

590 2394 871 2474 ἐπόθεις.
916 2392 1089 2476 ἄξιον
1132 2397 1204 2463 δὲ
1242 2396 1473 2484 μικρὸν
1505 2392 1753 2463 ἄνωθεν
1784 2394 2125 2478 ἀναλαβεῖν
2151 2391 2265 2478 τὴν
2292 2390 2514 2481 σειράν
2541 2392 2656 2456 τοῦ
2683 2390 2868 2478 ‚re-20

588 2518 738 2573 νους
765 2500 892 2563 τῶν
916 2495 1258 2580 βασιλέων,
1309 2495 1397 2576 ὥς
1428 2496 1507 2562 ἃν
1533 2497 1867 2585 εἰδείημεν,
1908 2498 2006 2573 τίς
2031 2497 2101 2561 ἐκ
2124 2495 2293 2570 τίνος
2321 2493 2469 2581 ἔφυ,
2512 2493 2690 2569 τίνας
2719 2516 2790 2559 τε

592 2594 781 2675 αὐτὸς
818 2595 1084 2674 τετοκώς
1120 2597 1264 2664 τίνα
1307 2595 1663 2685 προέστησε
1706 2597 2091 2682 βασιλεύειν,
2131 2593 2277 2672 τούς
2316 2591 2547 2671 ἄλλους
2590 2617 2788 2659 κατα-

591 2697 829 2781 στήσας
870 2701 1071 2763 τελεῖν
1113 2695 1221 2763 ὕπ’
1263 2697 1471 2764 αὐτόν.

731 2810 783 2866 8.
819 2799 898 2880 μὴ
942 2810 1214 2880 περιέλοι.
1254 2811 1445 2868 Psalm.
1484 2812 1607 2869 118.
1643 2813 1766 2869 ED.
1787 2813 1851 2867 Ρ.

588 2909 685 2962 alii
723 2908 886 2977 plane
924 2925 1083 2962 secus
1125 2913 1462 2965 continenter
1509 2913 1615 2966 hnc
1667 2913 1801 2966 illuc
1837 2910 2028 2980 Euripi
2067 2913 2233 2964 instar
2279 2908 2566 2962 fluitarunt.
2644 2906 2788 2971 Quin

588 2983 744 3036 etiam
783 2983 829 3034 si
878 2984 1000 3052 quis
1049 2982 1347 3052 diligenter
1403 2985 1486 3037 his
1525 2985 1684 3038 rebus
1729 2985 2002 3037 attendere
2041 2985 2272 3035 animum
2315 2981 2582 3043 voluerit,
2638 2980 2790 3032 divi-

585 3069 773 3106 norum
815 3069 1035 3124 quoqne
1075 3055 1397 3108 indiciorum
1436 3058 1702 3123 profunda
1736 3055 2119 3123 deprehendet.
2194 3055 2366 3119 Quare
2407 3068 2525 3124 cum
2576 3066 2792 3118 propo-

584 3127 719 3178 sitae
768 3127 1092 3178 narrationis
1141 3126 1499 3196 multiplicem
1537 3130 1842 3184 varietatem
1888 3127 1957 3180 ob
2013 3126 2204 3179 oculos
2251 3139 2536 3194 ponerem,
2588 3123 2790 3191 ecquid

585 3213 670 3250 me
708 3197 771 3248 ad
809 3198 1150 3251 scribendum
1189 3200 1398 3262 darem,
1449 3200 1543 3252 diu
1597 3202 1653 3251 in
1697 3201 1910 3251 incerto
1962 3197 2146 3250 habui.
2218 3197 2414 3250 Tamen
2467 3196 2598 3265 quia
2648 3192 2790 3247 nihil

586 3268 820 3319 amicitia
859 3270 1150 3336 potentius,
1195 3285 1295 3322 noc
1332 3271 1396 3322 ad
1436 3272 1781 3338 suscipienda
1818 3271 1904 3324 vel
1946 3272 2149 3322 maiora
2187 3268 2395 3322 viribus
2438 3282 2602 3320 onera
2624 3266 2792 3336 quid-

586 3354 739 3409 quam
776 3340 1077 3404 efficacius,
1129 3340 1255 3392 ideo
1305 3357 1409 3409 ego
1461 3358 1682 3411 quoque
1719 3342 1784 3394 ad
1820 3341 2161 3395 scribendum
2199 3341 2438 3404 accedo,
2477 3338 2648 3391 Deum
2687 3353 2792 3390 vo-

586 3411 754 3463 ritatis
798 3418 954 3464 antea
991 3418 1386 3479 comprecatus,
1440 3430 1512 3466 ne
1553 3413 1774 3467 verbum
1829 3416 2071 3468 veritatis
2119 3414 2329 3466 auferat
2377 3412 2444 3464 de
2497 3426 2594 3463 ore
2643 3425 2790 3462 meo.

585 3481 703 3535 Non
742 3484 883 3533 enim
934 3484 1064 3536 odio
1111 3490 1201 3535 aut
1250 3486 1448 3553 gratia,
1497 3487 1892 3539 mendaciorum
1934 3486 2253 3553 plerumque
2290 3481 2636 3553 parentibus,
2691 3482 2791 3534 ad-

586 3554 806 3606 ductus:
865 3556 958 3608 sed
1010 3556 1252 3608 veritatis
1301 3556 1476 3609 studio
1530 3565 1584 3610 et
1633 3560 1874 3610 veritatis
1910 3555 2209 3610 amantibus
2255 3554 2496 3609 scribere
2531 3569 2616 3605 me
2656 3568 2794 3619 pro-

584 3623 755 3677 ssteor.
826 3625 909 3677 Ad
946 3625 1053 3679 hoc
1090 3643 1198 3679 non
1238 3629 1338 3679 ista
1374 3644 1404 3679 a
1439 3629 1733 3681 maioribus
1781 3637 1907 3682 natu
1954 3619 2159 3693 didici,
2209 3636 2298 3680 aut
2346 3629 2520 3680 famae
2567 3623 2794 3677 auscul-

581 3704 697 3749 tans
736 3695 1003 3750 fabulisve
1042 3700 1264 3765 ineptis,
1316 3700 1513 3767 quibus
1549 3701 1760 3768 decepti
1804 3702 2055 3769 plerique
2105 3701 2396 3767 scriptores
2434 3714 2465 3750 a
2504 3703 2651 3749 recto
2693 3697 2802 3761 iti<

582 3783 715 3820 nere
752 3765 1089 3821 aberrarunt:
1145 3770 1237 3824 sed
1277 3772 1393 3837 ipse
1431 3788 1536 3842 ego
1576 3789 1830 3841 praesens
1869 3771 2116 3824 omnibus
2156 3772 2397 3836 interfui,
2435 3768 2792 3839 singulaque,

582 3841 629 3890 si
675 3841 952 3909 quisquam
991 3841 1159 3906 alius,
1207 3846 1639 3909 perspectissima
1674 3845 1910 3909 habens,
1964 3851 2021 3894 ut
2056 3850 2281 3910 potero,
2336 3858 2400 3894 ea
2455 3856 2793 3893 commemo-

584 3909 747 3962 rabo:
808 3915 1228 3983 veritatemque,
1266 3921 1532 3984 tamquam
1568 3932 1789 3984 scopum
1825 3919 2072 3979 intuens,
2116 3930 2435 3983 quacunque
2478 3912 2588 3965 alia
2627 3928 2794 3965 causa

584 3983 850 4050 potiorem
889 3986 1094 4038 ducam.
1167 3985 1520 4049 Quamobrem
1571 3990 1614 4040 si
1663 3996 1754 4052 tu,
1805 3987 1959 4052 Nile,
2012 3988 2128 4040 veri
2178 3985 2537 4055 pernoscendi
2592 4001 2650 4037 es
2690 4001 2795 4036 (ιιι-μ

584 4054 772 4122 pidus:
826 4056 963 4109 nihil
1008 4065 1179 4109 autem
1225 4059 1330 4109 erit
1377 4061 1523 4129 quod
1561 4076 1644 4113 me
1693 4076 1791 4127 per
1835 4067 1996 4111 totam
2036 4060 2394 4110 narrationem
2434 4056 2498 4109 ab
2539 4071 2605 4108 eo
2647 4071 2794 4109 avo-

585 4132 697 4179 cet:
753 4126 844 4178 flet
878 4128 1123 4194 profecto
1174 4130 1318 4198 quod
1368 4129 1690 4200 concupisti.
1768 4130 1964 4184 Verum
2003 4129 2164 4197 paulo
2203 4145 2364 4196 supra
2402 4128 2792 4199 genealogiam

584 4198 773 4250 domus
810 4201 1185 4267 imperatoriae
1224 4202 1376 4254 iuvat
1412 4212 1691 4270 repetere,
1743 4209 1801 4254 ut
1836 4201 2228 4272 intelligamus,
2269 4203 2388 4271 quis
2429 4216 2460 4252 a
2499 4215 2606 4269 quo
2647 4215 2788 4268 pro-

585 4276 814 4335 creatus,
853 4278 905 4323 et
978 4288 1165 4325 uorum
1211 4289 1278 4326 ex
1317 4291 1377 4328 se
1412 4276 1534 4343 ipso
1568 4283 1816 4330 natorum
1851 4290 2008 4343 quem
2046 4276 2274 4341 imperio
2313 4273 2645 4338 admoverit,
2691 4289 2788 4325 re—

583 4340 754 4412 liquis
794 4341 925 4398 filiis
998 4347 1089 4399 uic
1127 4360 1320 4414 parere
1356 4348 1531 4401 iussis.
2345 4335 2358 4350 “
