2982 4913
716 644 1960 716 ιΛοοΒιΡοΝΤᾺΝι

384 804 672 881 VITA
745 806 1268 882 IOANNIS
1341 805 2272 906 CANTACUZENh

832 988 916 1030 2¹
990 988 1341 1032 musnzu
1395 992 1804 1035 HISTORIA·

239 1251 291 1357 I
292 1294 509 1356 oannis
529 1336 550 1372 ‚
595 1291 894 1355 manuelis
936 1302 999 1354 et
1024 1292 1285 1356 aliomm
1314 1295 1901 1379 Cantaeuzenorum,
1944 1310 2016 1363 ut
2032 1301 2306 1365 virorum
2334 1303 2412 1365 il-

233 1398 518 1459 lustrium
586 1403 649 1454 et
690 1390 1143 1472 bellicosorum,
1193 1395 1470 1456 meminit
1509 1395 1565 1456 N
1568 1398 1768 1459 icetas.
1852 1400 2024 1479 Quos
2070 1401 2171 1464 hie
2206 1414 2416 1467 noster

231 1498 688 1558 Cantacuzenus
728 1494 796 1553 in
841 1492 1174 1553 maioribus
1217 1495 1340 1555 suis
1380 1494 1583 1557 habet.
1668 1497 1839 1559 Idem
1861 1543 1880 1577 ,
1935 1500 2249 1567 Ioannem.
2265 1504 2407 1564 Ma-

229 1594 433 1657 nuelie
501 1594 881 1676 imperatoris
941 1603 1188 1674 neptem
1210 1637 1231 1675 ,
1305 1592 1496 1654 alium
1569 1596 1860 1658 Ioannem
1924 1600 2410 1675 Cantacuzenum

239 1695 432 1757 lsaaci
499 1691 721 1776 Angeli
776 1710 1051 1753 sororem
1113 1694 1178 1752 in
1235 1694 1622 1755 matrimonio
1677 1696 1979 1761 habuisse.
2047 1701 2240 1764 Natus
2317 1713 2410 1765 est

228 1794 524 1878 Byzantii.
605 1793 858 1854 Patrem
918 1815 957 1854 a
980 1792 1300 1867 >natalibus
1343 1793 1616 1865 modeste
1665 1796 1976 1877 praedicat
2020 1798 2125 1863 lib.
2156 1801 2215 1861 3.
2271 1822 2411 1862 cum

228 1896 410 1973 dicit,
474 1888 555 1953 οὕ
615 1886 737 1975 γὰρ
794 1891 924 1954 τῶν
977 1892 1223 1955 πολλῶν
1280 1883 1373 1966 εἷς
1394 1937 1414 1970 ,
1472 1914 1603 1957 non
1656 1907 1795 1956 erat
1840 1917 1999 1957 unus
2046 1918 2082 1959 e
2152 1898 2413 1972 multis,

228 2016 333 2056 seu
397 1991 686 2074 vulgaris
708 2016 730 2050 .-
798 2003 865 2061 ,et
935 1991 1158 2055 alicubi
1228 2004 1487 2055 matrem
1554 2014 1726 2055 suam
1778 1994 2130 2079 Syrgiannis
2200 1996 2410 2079 appel-

230 2095 310 2156 lat
346 2094 577 2173 θείαν,
618 2106 1065 2168 materteram,
1106 2113 1219 2155 seu
1272 2095 1529 2155 amitam
1551 2138 1574 2168 ,
1611 2115 1721 2156 seu
1781 2094 2031 2159 demum
2080 2112 2411 2179 cognatam

228 2215 401 2256 suam
432 2194 720 2277 (liberius
748 2197 912 2257 enim
939 2195 1056 2255 hae
1085 2214 1235 2257 voce
1263 2196 1480 2275 utitur,
1507 2205 1580 2256 ut
1606 2193 2023 2277 docebimus);
2053 2219 2237 2280 quam
2266 2201 2404 2282 qui-

228 2293 362 2355 dem
405 2295 693 2357 feminam
720 2317 791 2357 ex
819 2293 979 2355 libro
1004 2296 1230 2377 prim0,
1275 2293 1443 2356 haud
1480 2294 1659 2377 longe
1700 2293 1780 2355 ab
1825 2296 2027 2375 initio,
2069 2299 2221 2359 seire
2264 2297 2404 2360 lieet

228 2394 301 2455 ad
344 2396 744 2478 imperatores
778 2416 967 2479 genus
1011 2393 1308 2458 retulisse.
1413 2394 1582 2455 Puer
1624 2393 1823 2458 adbuc
1869 2406 2108 2479 patrem
2154 2399 2355 2482 amisit
2375 2421 2396 2462 ε

228 2498 325 2577 qui
371 2518 535 2558 anno
580 2499 794 2558 aetatis
838 2498 1038 2578 primo
1091 2517 1278 2579 supra
1320 2497 1677 2558 vicesimum
1697 2539 1718 2573 ‚
1774 2495 2190 2579 praefecturae
2255 2520 2404 2562 suae

228 2594 769 2679 Peloponnesiacae
813 2608 1053 2676 octavo,
1112 2597 1177 2656 in
1225 2596 1436 2678 eadem
1479 2594 1799 2679 peninsula
1842 2595 2115 2664 decessit.
2201 2599 2404 2660 Mater

229 2694 385 2757 dicta
430 2708 524 2757 est
567 2697 893 2759 Theodora
913 2720 932 2758 ε
994 2698 1167 2758 cuius
1208 2696 1544 2760 avunculus
1586 2717 1840 2778 magnus
1862 2741 1881 2776 ,
1930 2696 1995 2757 id
2036 2708 2127 2759 est
2145 2744 2166 2778 ,
2228 2699 2401 2759 aviae

227 2807 533 2857 maternae
558 2797 745 2859 frater
766 2842 786 2876 ,
847 2761 1112 2858 Mmhassl
1151 2800 1385 2879 primus
1414 2796 1813 2878 palaeologus
1841 2798 2192 2879 imperator.
2272 2797 2398 2857 Ita-

227 2919 338 2980 que
378 2898 598 2959 eadem
659 2897 974 2960 Michaelis
1034 2918 1207 2959 soror
1230 2942 1251 2976 ‚
1286 2967 1295 2976 ,
1326 2909 1387 2958 et
1437 2896 1838 2957 Cantacuzeni
1877 2898 2153 2976 proavia.
2252 2896 2402 2956 Fuit

226 2996 547 3058 Theodora
588 2998 809 3060 mulier
852 2997 1211 3081 prudentiae
1246 2997 1495 3060 maioris
1515 3038 1535 3073 ‚
1580 3015 1765 3078 quam
1807 3015 1924 3075 pro
1970 3005 2151 3076 captu
2197 3014 2396 3073 seme,

229 3106 284 3155 et
323 3100 669 3159 tractationi
698 3120 905 3162 rerum
936 3100 1214 3182 gravium
1275 3108 1458 3179 atque
1497 3115 1855 3178 magnarum
1901 3093 2117 3162 idonea
2138 3139 2159 3173 ,
2210 3115 2398 3177 quam

230 3196 523 3280 Gregoras
561 3209 723 3259 recte
766 3198 861 3259 his
905 3199 1109 3259 verbis
1153 3197 1481 3259 celebravit
1525 3196 1635 3258 lib.
1676 3219 1698 3258 1
1719 3218 1808 3258 1..
1866 3195 2073 3279 Quam
2108 3195 2395 3256 amestri-

230 3314 356 3357 cem
406 3300 689 3378 coniugiv
720 3298 1070 3383 imperator
1122 3298 1467 3381 reliquerat
1484 3342 1511 3369 ,
1586 3297 1903 3359 senatoria
1946 3306 2278 3366 matrona,
2333 3305 2395 3356 et

226 3397 526 3474 gravitate
561 3395 807 3459 morum
849 3398 1228 3480 conspicua,
1293 3408 1355 3457 et
1390 3396 1701 3476 singulari
1740 3392 2085 3479 prudentia
2137 3405 2398 3466 ornata,

231 3515 298 3555 ac
332 3496 403 3556 in
446 3498 630 3559 rebus
679 3497 889 3564 dubiis
926 3497 1251 3582 praesenti
1281 3496 1550 3560 consilio
1605 3495 1934 3557 instructa.
2036 3494 2187 3558 Eius
2232 3491 2393 3553 indi-

231 3596 510 3674 gnissima
554 3599 791 3659 vexatio
831 3609 1081 3681 propter
1126 3596 1316 3658 filium
1338 3641 1357 3674 ‚
1425 3607 1486 3656 et
1531 3617 1696 3657 mors
1739 3593 2146 3678 lacrymabilis
2190 3591 2298 3653 lib.
2325 3593 2391 3653 5.

230 3714 361 3775 cap.
393 3715 499 3755 22.
532 3695 637 3757 26.
671 3697 775 3759 36.
823 3701 1165 3780 exponitur.
1276 3696 1605 3778 Nicephori
1647 3696 2047 3758 Cantacuzeni
2070 3738 2091 3772 ‚
2152 3702 2212 3753 et
2256 3693 2392 3751 Ma-

230 3794 419 3855 nuelis
465 3796 908 3861 Tarchaniotae
927 3845 947 3878 .,
1005 3797 1168 3859 illius
1208 3796 1500 3879 patruelis
1522 3840 1572 3874 ‚‚
1612 3795 1793 3857 huius
1837 3793 2223 3871 consobrini,
2288 3803 2395 3853 aut

232 3911 299 3952 ex
338 3914 546 3960 sorore
584 3900 822 3979 nepotis
860 3899 969 3961 lib.
1003 3920 1066 3960 2.
1098 3919 1236 3980 cap.
1269 3896 1329 3965 8.
1357 3896 1655 3958 meminit.
1755 3896 2046 3956 Ioannem
2086 3891 2394 3976 Angelum

232 3985 565 4076 ἔξάδελφον
582 4040 602 4075 ,
661 4007 723 4059 et
764 3987 1030 4076 ἀνεψιὸν
1069 3996 1344 4058 similiter
1385 3995 1651 4080 appellat
1670 4040 1691 4075 ,
1749 4006 1811 4058 et
1853 4016 1923 4058 ex
1938 3993 2162 4065 ‚eadem
2189 3992 2393 4055 radice

236 4092 521 4172 prodiisse
549 4097 774 4161 scribit.
874 4098 1105 4162 Montio
1135 4107 1338 4162 autem
1363 4099 1589 4163 sororis
1617 4107 1708 4162 est
1735 4093 1840 4164 lib.
1869 4096 1928 4165 3.
1956 4116 2092 4179 cap.
2123 4092 2225 4159 26.

772 4203 795 4230 1
