2982 4913
988 252 1667 319 n1sTomAme-.1.
1710 259 1816 329 32.
2284 223 2444 342 159

268 410 403 497 γῶν
431 405 661 476 ἑαυτὸν
701 402 1024 497 ἐγχειρίσῃ
1062 410 1153 497 τῷ
1183 409 1592 493 πολεμοῦντι,
1653 411 1865 475 πᾶσαν
1893 409 2219 497 πρόφασιν
2255 412 2515 475 πολε-Δ.
2536 416 2736 476 Cusas

262 535 400 595 μου
432 515 761 597 περιεῖλεν.
822 504 946 573 εἴτε
982 504 1105 594 γάρ
1145 499 1299 596 ᾤετο
1330 504 1705 593 ἀδικεῖσθαι,
1759 508 1871 576 τὸν
1900 506 2236 575 ἆδικόῦντα
2275 508 2443 593 ἔχων

261 607 584 697 ἧσυχάσει
595 658 619 691 ,
660 606 789 674 εἴτε
816 607 1247 694 προῦθυμεῖτο
1281 613 1686 692 πλεονεκτεῖν,
1725 609 1911 673 πλέον
1944 606 2108 691 ἔχων
2132 598 2208 672 οὗ
2245 633 2442 696 προσ-

263 709 532 793 εδόκησε
551 760 574 790 ,
630 709 743 773 καί
776 701 944 773 οὕτω
978 706 1295 772 παύσεται
1325 708 1443 771 τοῦ
1476 713 1797 790 πολεμεῖν.
1858 704 1956 771 διό
1999 710 2105 771 δεῖ
2130 705 2239 772 καί
2269 709 2442 793 ἡμᾶς

217 800 539 893 ὅβεβαιάς
574 806 827 894 εἰρήνης
868 808 1373 889 ἐπιθυμοῦντας,
1444 808 1579 895 θεῷ
1616 831 1684 872 τε
1727 794 2174 894 θαῤῥὴσαντας
2215 804 2326 870 καὶ
2363 808 2442 894 τῇ

262 913 545 996 σφετέρᾳ
591 906 806 973 αὐτῶν
840 907 1067 993 πράξει
1096 904 1184 983 ὥς
1234 899 1471 995 οἷγαθῇ,
1511 906 1723 971 πᾶσαν
1764 903 1880 991 τήν
1921 899 2140 992 άρχῆιί
2165 903 2342 991 ἧμῶν
2375 928 2445 969 τε

258 1001 477 1076 αὗτῶν
509 1005 624 1073 καὶ
665 1004 904 1093 πόλεων
961 1005 1074 1071 καί
1102 1005 1431 1094 προσόδων
1469 1005 1821 1093 ἐγχειρίσαι
1856 1006 1947 1095 τῷ
1978 1010 2259 1088 βασιλεῖ·
2327 1000 2439 1069 οὕ-

255 1132 351 1172 τω
387 1108 462 1175 δὲ
489 1106 865 1193 πράξαντες,
929 1108 1143 1172 πᾶσαν
1171 1106 1489 1194 πρόφασιν
1518 1108 1647 1172 τῶν
1680 1107 2092 1193 συκοφαντῶν
2132 1107 2482 1191 διαβολῆςΒ

256 1210 708 1296 περιελοῦμεν·
736 1207 1014 1274 ,ἐκείνων
1066 1209 1139 1272 δὲ
1180 1209 1599 1290 πεπαυμένων
1648 1214 2048 1291 κακουργεῖν,
2111 1197 2294 1270 οῦδὲν
2336 1203 2433 1271 ἔτι

168 1306 563 1389 ιοέμποδων
592 1302 769 1373 ἔσται
804 1305 1074 1390 βαθείας
1123 1304 1470 1373 α’πολαύειν
1508 1304 1748 1383 πάντας
1781 1302 2052 1392 εἰρήνης.
2129 1305 2191 1369 εἰ
2221 1307 2281 1369 δ’
2311 1295 2431 1368 αὖ-

251 1411 368 1483 θις
393 1405 771 1492 χωρήσομεν
798 1408 888 1482 εἶς
914 1403 1293 1494 μερισμοῦς,
1334 1409 1585 1493 πρῶτον
1608 1408 1728 1489 μὲν
1759 1399 1913 1471 αὗτό
1939 1406 2126 1470 τοῦτο
2149 1454 2170 1486 ,
2208 1403 2277 1469 τό
2310 1407 2430 1468 δυ-

247 1508 360 1574 σὶν
389 1504 563 1573 ἔτεσι
593 1505 705 1572 καὶ
743 1502 1042 1591 ἑξήκοντα
1088 1501 1246 1587 ὁμοῦ
1279 1504 1530 1578 πάντων
1566 1497 1842 1593 ἄρχοντα
1884 1501 2080 1571 αὐτόν
2091 1557 2111 1588 ,
2166 1507 2283 1571 νῦν
2316 1504 2427 1590 τῆς

251 1604 422 1671 κατὰ
469 1607 723 1670 πάντων
765 1606 1058 1682 ἐξουσίας
1102 1599 1626 1692 ἀποστερεῖσθαι,
1686 1601 1904 1670 ἱκανόν
1947 1602 2104 1689 πρός
2138 1599 2425 1691 ταραχήν

247 1703 656 1771 καίδυνατόν
693 1711 823 1780 τοῖς
852 1700 1282 1791 συκοφάνταις
1312 1712 1527 1769 πεῖσαι
1564 1704 1897 1790 προσέχειν
1932 1699 2020 1776 ὥς
2057 1699 2425 1785 ἐπιβουλεύ-

162 1803 386 1869 ιόεται
413 1810 567 1888 παρ’
593 1801 774 1889 ἡμῶν
805 1805 1418 1887 καταψευδομένοις.
1484 1800 1703 1867 ἔπειτα
1752 1803 1832 1883 δὲ,
1874 1798 1985 1865 καὶ
2009 1796 2255 1876 τούτοις
2298 1792 2418 1862 αὖ-

242 1911 412 1985 τοῖς,
472 1898 625 1968 ὥστ’
653 1900 822 1986 ἔχειν
853 1901 1114 1989 ῥάπτειν
1140 1900 1250 1978 τὰς
1290 1899 1617 1986 διαβολάς,
1672 1896 1826 1986 ὕλην
1864 1895 1945 1965 ἂν
1982 1900 2417 1986 παράσχωμεν
2432 1908 2498 1966 V.
2515 1916 2587 1970 8ο

238 2000 506 2086 πολλήν·
548 2003 824 2084 ἐχόντων
859 2003 930 2065 δὲ
966 2003 1218 2069 ἐκείνων
1255 2001 1527 2083 δύναμιν
1555 2009 1954 2087 κακουργεῖν,
1997 1994 2115 2063 οὖκ
2158 2000 2226 2063 ἐν
2259 2003 2470 2070 πολ-α

237 2100 334 2188 λῷ
361 2098 577 2191 χρόνῳ
615 2097 1232 2187 ἀναγκασθησόμεθα
1269 2095 1461 2178 αὖθις
1502 2105 1830 2182 πολεμεῖν.
1887 2098 1999 2165 οὐκ
2032 2098 2448 2186 ἤρεμήσουσι,

234 2195 389 2284 γάρ,
456 2191 649 2285 ἄχρις
682 2193 761 2265 ἂν
816 2203 1130 2276 ποικίλαις
1168 2199 1279 2266 καὶ
1325 2206 1586 2276 πολλαῖς
1637 2203 1967 2284 διαβολαῖς
2025 2199 2420 2283 ἐξορμήσωσι

158 2296 400 2385 ποπρός
450 2296 717 2380 πόλεμον
765 2297 878 2365 τόν
920 2301 1223 2383 βασιλέα.
1261 2296 1353 2384 μὴ
1404 2296 1784 2385 θαυμάσητε
1835 2300 1927 2381 δὲ,
1973 2299 2035 2363 εἰ
2073 2293 2248 2385 παρά
2288 2299 2417 2363 ταῖν

237 2399 704 2484 νεωτεροποιῶν
727 2397 966 2465 τούτων
994 2402 1104 2466 καί
1134 2398 1400 2488 φθόρων
1440 2395 1946 2485 ἐξαπατήσεσθαι
2002 2395 2114 2467 τὸν
2145 2399 2416 2482 βασιλέα

232 2496 474 2580 λέγων,
546 2494 830 2580 ἐμαυτόν
878 2500 1112 2585 ἐξαιρω
1152 2503 1271 2564 τοῦ
1306 2497 1496 2584 λόγου
1529 2497 1618 2575 ὥς
1649 2497 1741 2586 μή
1785 2497 1868 2564 τὰ
1903 2497 2013 2565 ἴσα
2069 2496 2418 2579 δυνάμενον

229 2598 493 2678 παθεῖν,
537 2597 773 2684 (καίτοι
805 2621 875 2683 γε
901 2593 1096 2677 οὕτως
1134 2595 1261 2683 ἔχω
1288 2601 1693 2686 παρασκευῆς
1716 2596 1827 2664 καί
1849 2595 2117 2684 γνοόμης,
2159 2596 2246 2672 ὥς
2271 2597 2417 2661 οὐδ’

233 2752 523 2806 lacessant.
606 2749 771 2824 Quod
816 2752 861 2803 si
912 2754 1035 2825 quis
1085 2750 1293 2825 bellum
1341 2752 1581 2803 moventi
1637 2767 1695 2803 se
1737 2750 1892 2804 -ultro
1943 2751 2260 2816 tradiderit,
2296 2754 2408 2806 iam
2476 2778 2486 2788 ·

229 2821 447 2874 bellum
482 2839 641 2875 omne
681 2815 978 2878 sustulerit.
1016 2823 1140 2875 Sive
1178 2823 1320 2875 enim
1346 2822 1441 2879 ille
1478 2840 1536 2874 se
1572 2817 1720 2873 laedi
1753 2823 2073 2889 arbitratur,
2101 2822 2408 2874 laedentem

226 2890 447 2945 habens
484 2895 544 2945 in
581 2901 885 2962 potestate,
923 2894 1191 2965 quiescit3
1227 2893 1341 2944 sive
1374 2892 1454 2944 rei
1493 2892 1771 2961 augendae
1804 2892 2080 2953 studebat,
2113 2892 2236 2962 plus
2273 2892 2408 2944 ade-

225 2971 361 3033 ptus
403 2980 562 3035 quam
599 2963 887 3032 sperabat,
945 2964 1108 3016 etiam
1143 2965 1221 3016 sic
1255 2980 1400 3014 arma
1451 2960 1708 3031 deponet.
1800 2961 1984 3031 Quare
2033 2971 2089 3014 et
2133 2980 2232 3014 nos
2268 2979 2404 3030 opus

225 3042 337 3096 est,
374 3036 470 3104 qui
506 3052 692 3104 pacem
728 3035 1101 3088 inconcussam
1139 3036 1464 3104 expetimus,
1501 3033 1619 3085 Deo
1658 3041 1713 3084 et
1749 3032 2012 3102 aequitati
2041 3048 2227 3084 causae
2263 3031 2408 3083 inni·

220 3111 433 3166 tentes,
469 3121 631 3157 omne
668 3106 957 3175 imperium
993 3112 1050 3156 et
1084 3105 1142 3156 in
1182 3123 1280 3157 nos
1324 3106 1471 3174 ipsos
1509 3110 1567 3155 et
1599 3102 1659 3154 in
1707 3101 1871 3154 urbes
1920 3110 1977 3155 et
2012 3105 2074 3155 in
2117 3101 2406 3172 vectigalia

223 3190 329 3226 avo
368 3175 743 3228 transcribere.
833 3175 893 3226 Si
940 3177 1019 3227 ita
1052 3175 1376 3235 fecerimus,
1419 3172 1861 3227 criminatoribus
1910 3190 1968 3225 os
2014 3172 2400 3240 obturabitur-3

224 3245 436 3316 quibus
477 3245 692 3298 malitia
726 3245 1228 3315 supersedentibus,
1265 3243 1410 3298 nihil
1446 3243 1732 3315 impediet,
1772 3243 1908 3318 quin
1934 3260 2121 3296 omnes
2152 3243 2402 3295 firmissi-

220 3331 317 3368 ma
354 3333 492 3385 pace
526 3317 882 3386 perfruamur.
955 3317 1053 3371 Sin
1091 3334 1271 3369 rursus
1312 3316 1380 3368 ad
1418 3313 1762 3387 partiendum
1800 3315 2087 3384 imperium
2118 3314 2401 3385 aggredie-

220 3402 365 3449 mur,
402 3387 637 3454 primum
673 3388 814 3440 istuc
848 3387 1052 3458 ipsum,
1092 3386 1221 3460 totis
1260 3385 1473 3440 duobus
1511 3395 1567 3438 et
1618 3388 1896 3456 sexaginta
1935 3387 2091 3438 annis
2130 3402 2254 3437 eum
2289 3387 2399 3437 im-

217 3457 490 3525 peritasse
524 3457 816 3522 omnibus,
868 3466 925 3512 et
959 3475 1104 3511 nunc
1157 3457 1375 3524 imperii
1418 3456 1609 3509 huius·
1639 3456 2074 3509 imminutionem
2125 3456 2274 3525 pati,
2329 3453 2401 3507 ad

217 3527 525 3579 mmultnm
559 3527 755 3581 sufficit
788 3536 844 3580 et
868 3545 1042 3592 avum,
1078 3536 1141 3580 ut
1179 3525 1636 3581 obtrectatoribus
1672 3544 1772 3581 nos
1801 3526 1910 3578 sibi
1937 3526 2162 3579 insidias
2192 3534 2399 3579 struere

216 3597 620 3652 mentientibus
654 3597 857 3662 credat,
909 3599 1192 3669 impellere
1226 3605 1424 3668 potest.
1496 3595 1712 3650 Deinde
1764 3598 1852 3650 his
1905 3597 2036 3666 ipsis
2080 3596 2398 3650 hominibus

215 3667 289 3721 ad
325 3670 664 3723 consuendas
693 3688 718 3723 s
757 3669 1073 3738 cophantias
1113 3686 1293 3722 ansam
1323 3670 1553 3721 multam
1586 3669 2008 3737 praebebimus:
2031 3659 2158 3739 'qui
2211 3668 2258 3719 si
2294 3683 2398 3718 ne·-

215 3739 433 3810 quitiae
470 3756 701 3793 exercen
743 3758 808 3794 ae
843 3741 1162 3792 facultatem
1194 3741 1343 3792 nacti
1378 3741 1620 3799 fuerint,
1669 3757 1782 3793 non
1822 3740 2057 3791 multum
2092 3736 2399 3789 intercedet

210 3811 503 3880 temporis,
539 3829 662 3864 cum
699 3827 848 3864 arma
883 3820 1132 3880 repetere
1169 3823 1454 3879 cogemur:
1489 3809 1698 3862 nullam
1738 3812 1945 3882 quippe
1989 3816 2197 3877 partem
2236 3808 2397 3877 quie·-

209 3879 289 3930 tis
327 3881 576 3949 capient,
626 3882 803 3935 donec
872 3882 1084 3934 Iuribus
1123 3889 1180 3933 ct
1211 3881 1373 3934 variis
1410 3879 1885 3934 criminationibus
1923 3880 2235 3948 imperatori
2269 3874 2394 3931 bel-

210 3947 333 4000 lum
368 3952 757 4019 persuaserint.
883 3968 914 4008 e
950 3959 1132 4004 autem
1166 3951 1471 4014 miremini,
1506 3952 1551 4005 si
1587 3968 1711 4004 cum
1748 3951 1817 4002 ab
1853 3949 1974 4003 istis
2010 3965 2189 4001 rerum
2225 3964 2397 4001 nova-

212 4035 339 4071 rum
373 4021 589 4093 cupidis
627 4039 690 4076 ae
725 4023 1002 4092 pestiferis
1039 4022 1367 4075 hominibus
1409 4038 1568 4074 avum
1611 4022 1669 4075 in
1707 4020 1953 4073 fraudem
1989 4020 2272 4074 inductum
2322 4019 2393 4071 iri

214 4086 427 4154 dicam,
464 4109 553 4146 me
603 4091 738 4146 hinc
786 4095 1000 4159 eximo,
1053 4092 1209 4164 quasi
1263 4101 1377 4145 non
1430 4093 1580 4146 idem
1631 4090 1767 4144 mihi
1824 4100 1992 4165 queat
2041 4092 2391 4161 contingere,

208 4156 459 4229 (tametsi
496 4166 576 4218 ita
610 4172 836 4236 paratus
890 4172 949 4219 et
984 4165 1256 4218 animatus
1306 4179 1458 4230 sum,
1501 4171 1566 4218 ut
1611 4163 1658 4216 si
1692 4157 1830 4235 quid
1876 4161 2123 4227 eveniat,
2158 4177 2230 4215 nc
2264 4174 2391 4230 vere
