2982 4913
616 308 728 371 xx
1479 300 1530 359 1.
1592 294 1950 363 PONTANJ

602 476 701 538 -ab
741 485 882 537 ortu
912 470 1149 537 christi
1172 486 1209 549 ,⁹
1264 466 1622 530 orientalem
1678 466 1990 530 ecclesiam
2037 487 2075 528 a
2125 468 2410 536 Romana·
2450 467 2797 533 secessisse?

600 576 929 637 Feruntur
952 575 1098 634 item
1123 570 1392 631 historici
1422 589 1547 631 non
1575 570 1752 651 pauci
1775 612 1794 649 ,
1835 567 1954 629 hoc
1981 579 2192 629 nostro
2219 569 2443 652 partim
2487 569 2792 649 antiquin-

604 692 714 735 eres
739 718 760 753 ‚
801 671 1415 756 partimrecentiores
1434 715 1454 749 ‚
1498 689 1652 751 quos
1693 687 1836 729 cum
1874 666 1954 728 ad
1996 688 2188 728 unum
2229 667 2330 727 vel
2358 668 2424 727 in
2446 665 2788 745 haereticis,

602 772 715 836 uvel
734 775 819 833 -in
862 771 1252 834 schismaticis
1292 769 1425 831 iure
1449 786 1839 829 numerantis
1855 810 1876 845 ‚
1939 765 2111 829 nullo
2156 777 2362 829 tamen
2403 784 2622 826 eorum
2666 766 2797 849 sine

612 872 844 955 aliquo,
889 870 1171 932 omnibus
1197 866 1378 930 simul
1405 869 1535 930 sine
1562 867 1823 927 maximo
1849 863 2213 926 detrimento
2239 862 2493 927 ccclesia
2520 864 2797 927 Romana

610 992 818 1032 carere
856 991 981 1031 non
1012 980 1232 1052 potest.
1318 966 1459 1029 Vin’
1497 977 1570 1028 tu
1613 966 1826 1028 audire
1869 968 1977 1048 qui
2025 968 2191 1026 sint?
2224 963 2234 977 '
2299 965 2668 1025 sozomenus
2732 972 2797 1024 ct

598 1071 884 1133 -socmtes
914 1070 1137 1131 Novati
1166 1067 1479 1151 perfidiam
1513 1068 1721 1128 sectati
1749 1076 1915 1129 sunt.
1998 1066 2283 1144 Quorum
2311 1063 2412 1125 hic
2439 1084 2565 1126 non
2585 1061 2794 1126 oblata

600 1164 844 1249 solum,
902 1168 1010 1230 sed
1054 1168 1360 1228 interdum
1402 1167 1586 1227 etiam
1630 1167 1902 1251 quaesita
1939 1166 2254 1227 occasione
2294 1164 2669 1227 Novatianos
2711 1163 2793 1225 li-

596 1270 820 1331 beuter
864 1267 1106 1346 laudat,
1162 1269 1309 1350 ipsis
1350 1263 1645 1327 miracula
1683 1264 1925 1341 tribuit,
1976 1265 2390 1329 Romanorum
2434 1264 2793 1348 pontificum

598 1364 936 1452 potentiam
977 1367 1277 1448 exagitat.
1337 1385 1495 1448 quae
1522 1366 1730 1426 omnia
1758 1363 2015 1433 lacobus
2035 1363 2250 1429 Billius
2273 1342 2551 1431 eruditus
2579 1364 2789 1427 Theo-

596 1465 777 1550 logus
804 1465 1293 1528 observationum
1322 1483 1632 1527 sacrarum
1673 1462 1832 1528 libro
1856 1462 2057 1546 primo
2084 1465 2281 1547 capite
2307 1466 2596 1548 vigesimo
2621 1474 2792 1525 sexto

594 1564 939 1627 luculenter
978 1564 1373 1628 demonstrat.
1432 1564 1530 1624 De
1555 1563 1612 1625 N
1616 1562 1902 1645 icephoro
1931 1561 2184 1627 Callisto
2212 1562 2405 1647 liquet
2439 1564 2790 1629 exomm-

596 1665 686 1727 dii
717 1665 992 1749 apologia
1020 1682 1136 1747 pro
1158 1662 1432 1726 Concilio
1460 1661 1818 1724 Florentino
1831 1706 1851 1741 ‚
1903 1661 2011 1724 ubi
2049 1662 2181 1727 eius
2207 1682 2334 1725 non
2364 1674 2496 1728 tam
2532 1665 2789 1749 scripta,

598 1786 782 1848 qnam
822 1767 1094 1827 convicia
1128 1774 1341 1827 conti-a
1382 1763 1633 1825 Latinos
1662 1760 2046 1829 refelluntur:
2077 1772 2150 1825 ut
2174 1761 2253 1824 dc
2277 1764 2378 1843 iis,
2419 1783 2579 1848 quae
2605 1784 2786 1846 spat.-

586 1869 715 1927 sim
758 1868 822 1926 in
870 1864 1189 1927 historiam
1225 1883 1398 1927 suam
1442 1863 1688 1925 sinistra
1729 1862 2026 1944 inseruit,
2082 1861 2237 1925 nihil
2266 1862 2495 1927 dicam.
2576 1865 2786 1927 Zona·-

590 1985 730 2026 -ram
770 1965 953 2026 fixisse
977 1960 1427 2025 schimaticum
1450 2004 1472 2039 ‚
1524 1962 1734 2023 testari
1764 1971 2018 2043 possunt
2056 1963 2186 2025 eius
2213 1973 2495 2046 poemata
2534 1964 2785 2027 aculea-

524 2056 527 2059 ’
591 2065 825 2124 tissima
868 2062 946 2122 de
972 2062 1352 2144 processione
1379 2060 1573 2121 sancti
1599 2057 1861 2142 Spiritus
1876 2103 1896 2140 ,
1940 2071 2003 2122 et
2042 2060 2164 2123 alia
2202 2061 2493 2127 adversus
2525 2063 2786 2139 Latinos

594 2161 927 2242 composita
946 2200 966 2239 ‚
1009 2179 1169 2243 quae
1190 2156 1620 2220 Genebrardus
1657 2158 1807 2221 dum
1833 2170 2215 2224 converteret
2230 2205 2254 2242 ,
2307 2182 2374 2224 se
2400 2162 2787 2225 criminatio-

594 2280 702 2321 nes
732 2259 865 2321 illas
894 2259 1167 2320 omisisse
1192 2244 1423 2321 narrat.
1511 2257 1609 2319 De
1632 2257 2037 2342 Pachymerio
2066 2259 2230 2323 idem
2273 2272 2550 2324 constare
2572 2272 2786 2345 potest

587 2381 663 2426 ex
706 2358 1003 2421 adiunctis
1031 2356 1111 2418 ad
1148 2358 1487 2440 Gregoram
1524 2354 1837 2418 Latinum.
1918 2358 2016 2421 Ea
2048 2370 2192 2421 sunt
2217 2361 2417 2444 capita
2438 2404 2459 2440 ,
2505 2381 2614 2423 seu
2651 2359 2783 2437 loci

590 2479 798 2522 reram
824 2463 1119 2522 memoria
1147 2458 1493 2542 dignarum,
1531 2478 1567 2520 e
1593 2458 1802 2522 codice
1838 2459 2223 2544 Augustam,
2281 2463 2444 2525 carie
2469 2462 2780 2543 confecto,

594 2572 654 2622 et
693 2558 912 2621 mutilo
933 2603 955 2639 ‚.
1012 2577 1124 2641 per
1161 2555 1429 2642 singulos
1468 2554 1662 2620 libros
1699 2561 1961 2642 excerpti
1979 2582 2000 2621 ε
2069 2562 2243 2622 cuius
2284 2563 2526 2624 animus
2549 2563 2616 2624 in
2642 2563 2781 2624 Ro-

588 2679 833 2721 manam
877 2656 1189 2720 ecclesiam
1235 2653 1430 2741 qualis
1473 2655 1690 2739 fuerit,
1740 2678 1812 2719 ex
1857 2659 2073 2740 quinto
2094 2703 2116 2739 ,
2173 2671 2340 2722 sexto
2363 2706 2386 2741 ‚
2444 2672 2507 2723 et
2548 2672 2778 2737 octavo

587 2762 969 2844 potissimum
1011 2756 1185 2820 libris
1206 2755 1700 2841 deprehenditur.
1793 2757 2207 2840 Nicephorum
2237 2761 2571 2844 Gregoram
2608 2780 2776 2844 quo—

586 2879 746 2944 que,
804 2870 865 2921 et
893 2859 1168 2924 Niceten
1189 2857 1552 2920 Choniatam
1581 2873 1792 2920 eorum
1828 2869 2221 2921 monumenta
2246 2860 2534 2944 produnt.
2584 2859 2780 2924 Adde

585 2960 707 3024 huc
742 2958 1089 3021 cedrenum
1109 3003 1131 3037 ‚
1180 2954 1436 3042 Glycam
1454 3003 1476 3038 ‚
1532 2958 1995 3024 Constantinum
2039 2960 2380 3022 Manassem
2397 3004 2420 3041 ‚
2474 2960 2775 3022 Ioannem

586 3072 649 3121 et
686 3060 1015 3141 Georgium
1078 3057 1475 3141 Curopalatas
1550 3069 1612 3119 et
1639 3056 1789 3120 alios
1809 3101 1830 3136 ‚
1889 3061 1941 3120 si
1977 3078 2355 3141 quaeramus.
2433 3058 2594 3121 Nam
2650 3078 2777 3142 per

585 3157 690 3218 ina
718 3170 993 3239 tempora
1032 3167 1160 3218 tam
1185 3176 1311 3218 non
1348 3157 1532 3220 facile
1564 3158 1929 3221 monachum
1948 3200 1971 3237 ‚
2021 3169 2130 3220 aut
2155 3160 2512 3242 scriptorem
2553 3180 2592 3220 a
2632 3158 2772 3222 Ro·-

585 3277 766 3319 mana
792 3256 1043 3317 ccclesia
1069 3276 1194 3316 non
1219 3256 1651 3320 alienissimum
1677 3269 1810 3320 erat
1833 3259 2107 3320 invenire
2147 3261 2214 3321 in
2239 3261 2521 3337 Graecia,
2571 3278 2772 3341 quam

585 3357 769 3418 hodie
812 3353 1056 3418 difficile
1096 3367 1186 3417 est
1225 3377 1585 3439 praeconem
1622 3358 1796 3422 verbi
1833 3358 1951 3420 Dei
1973 3401 1995 3437 ‚
2051 3370 2158 3422 aut
2199 3359 2600 3443 professorem
2635 3356 2764 3428 Cat·

530 3481 543 3499 ·
581 3455 877 3518 tholicum
920 3457 1192 3518 invenire
1232 3458 1297 3519 in
1321 3457 1597 3522 Saxonia.
1678 3458 1764 3521 Et
1807 3460 1914 3541 qui
1951 3458 2198 3521 tandem
2233 3459 2364 3524 fimi
2401 3467 2636 3543 potest,
2687 3469 2770 3530 ut

584 3558 690 3640 qui
759 3554 1143 3618 Patriamhas
1203 3555 1897 3641 constantinopolitanos
1966 3557 2376 3624 schismaticos
2448 3555 2768 3641 appellant

586 3658 988 3719 sanctissimos
1008 3697 1029 3736 ‚
1074 3659 1488 3720 oecumenicos
1510 3702 1531 3736 ‚
1594 3669 1656 3720 et
1700 3661 2004 3742 principes
2040 3658 2324 3722 ecclesiae
2345 3699 2366 3738 ,
2420 3660 2538 3741 ipsi
2591 3657 2756 3722 eius-
2887 3703 2894 3718 .

585 3754 726 3817 dan
776 3755 1004 3816 farinae
1041 3774 1168 3837 non
1209 3756 1433 3818 filerint
1449 3761 1480 3819 ’ἲ
1525 3757 1591 3820 Si
1635 3777 1747 3851 ego
1774 3762 2120 3843 quempiam
2145 3756 2760 3842 superintendentem

586 3856 943 3916 sanctissimi
986 3854 1286 3918 vocabulo
1330 3855 1631 3918 afficerem
1646 3900 1668 3935 ‚
1729 3858 1914 3920 credo
1931 3901 1951 3936 ,
2007 3857 2237 3940 aliqui,
2307 3858 2432 3917 imo
2472 3853 2754 3938 plurimi,

583 3972 696 4012 nec
741 3953 960 4013 iniuria
979 3997 999 4031 ,
1065 3973 1164 4015 me
1205 3956 1623 4017 Lutheranum
1679 3967 1788 4018 aut
1832 3955 2255 4018 Calvinianum
2317 3974 2446 4016 esse
2501 3951 2754 4036 collige-

582 4061 740 4113 rent.
849 4050 1050 4134 Atque
1093 4066 1165 4118 ut
1204 4054 1284 4117 ab
1327 4054 1627 4122 historicis
1664 4055 1950 4120 abeamus
1969 4100 1992 4140 ‚
2051 4066 2112 4119 et
2143 4052 2223 4117 ad
2250 4050 2400 4119 alios
2426 4053 2750 4140 scriptores
