2982 4913
545 323 714 427 548
1345 345 1899 412 effluentem
1990 368 1997 375 ·

249 513 370 569 ke.
398 503 696 593 ι34ιφίας
744 504 1119 585 ἐπιβαίνειν,
1187 496 1481 583 δεόμενον
1545 500 1654 566 καὶ
1709 505 1870 568 θεοῦ
1916 505 2114 571 πολλοὶ
2150 510 2259 571 καί
2292 500 2540 592 άνδρῶν
2571 510 2700 574 τῶν

468 620 473 625 ”
535 603 614 668 τά
646 605 912 668 τοιαῦτα
953 602 1273 665 δύνασθαι
1331 594 1698 685 ἠξιωμένων
1755 601 2161 689 συνάρασθαι
2198 605 2357 692 πρός
2390 605 2460 672 τό
2520 605 2707 694 ἔργον

535 696 737 779 οὕτως
782 694 855 765 ὂν
904 695 1154 783 ῦψηλὸν
1205 701 1314 764 καί
1353 697 1470 784 τὴν
1515 701 1915 788 ἀνθρωπίνην
1963 701 2342 787 ῦπερβαῖνον
2368 704 2737 793 δύναμιν)-

530 796 573 889 ἦ
607 799 821 885 ἐπειδή
853 819 921 884 γε
954 799 1060 863 διὰ
1090 796 1415 887 ῥᾳθυμίαν
1452 798 1919 883 ἀπερισκέπτως
1935 805 2023 890 τῷ
2044 804 2467 889 προστυχόντι
2502 830 2703 892 προσ-

530 900 848 985 εχῶρησε,
918 898 994 984 τῇ
1047 898 1281 961 ἐκείνου
1354 896 1606 986 ἀμαθίᾳ
1659 898 2196 982 προσλογίσασθαι
2250 903 2404 978 τούς
2453 905 2743 989 λόγους,5

531 993 692 1064 άλλά
730 993 816 1082 μὴ
876 991 1084 1081 ῶσπερ
1134 993 1483 1081 ἐξεπίτηδες
1541 993 1751 1083 ῶσπερ
1809 994 1976 1076 τινὸς
2025 993 2293 1083 ἓρμαίου
2357 1003 2704 1084 λαβόμενον

528 1097 653 1162 τῶν
696 1094 926 1178 λόγων,
987 1094 1292 1170 αὐθαδῶς
1323 1098 1433 1159 καί
1459 1097 1755 1181 θρασέως
1785 1100 1928 1161 κατ’
1967 1091 2164 1183 αῦτῆς
2213 1100 2326 1184 τῆς
2361 1096 2538 1182 ἱερᾶς
2578 1126 2703 1184 χω·

459 1218 500 1269 B
531 1197 724 1280 ρῆσαι
770 1191 1043 1279 ἡσυχίας
1100 1191 1209 1256 καί
1260 1200 1392 1270 τοῖς
1449 1193 1849 1278 ἡσυχάζουσι
1915 1193 2113 1261 πολλοὶ
2182 1199 2707 1284 προστρίψασθαι

532 1293 740 1379 ὀνείδη
757 1346 778 1376 ‚
852 1292 1217 1368 ἀπατεῶνας
1264 1293 1575 1357 καλοῦντα
1620 1292 1730 1358 καὶ
1776 1295 2211 1378 ψευδομένους
2248 1299 2555 1363 καλοῦντα
2593 1304 2707 1365 καί

531 1389 1068 1472 Μασσαλιανούς,
1114 1392 1184 1454 ἐκ
1221 1391 1335 1455 τοῦ
1369 1394 1507 1477 φῶς
1544 1392 2075 1479 περιαστράπτειν
2109 1394 2257 1472 τούς
2291 1391 2510 1478 ἁγίους
2546 1398 2783 1483 ἄκη-ιο

528 1496 738 1558 κοέναι
781 1488 896 1566 τάς
938 1489 1236 1577 ἀφορμάς
1280 1486 1575 1577 εἰληφότα
1610 1494 1737 1557 τῶν
1774 1498 2021 1559 πολλῶν
2055 1494 2406 1581 λοιδοριῶν.
2487 1498 2699 1562 καίτοι

524 1616 597 1678 γε
635 1592 722 1680 τῷ
757 1589 1078 1670 διδάξαντι
1109 1587 1257 1677 περί
1286 1581 1491 1654 ἄλλων
1517 1592 1639 1673 μὲν
1668 1583 1748 1657 ἅν
1782 1616 1880 1667 τις
1901 1595 2211 1681 μέμφοιτο
2241 1596 2532 1678 δικαίως,
2587 1620 2701 1660 πε-

520 1689 596 1778 ρι’
625 1688 851 1756 τούτου
885 1691 955 1756 δὲ
995 1688 1223 1765 ου’δείς.
1305 1681 1536 1765 ἄλλους
1576 1715 1645 1754 τε
1676 1688 1792 1775 γάρ
1837 1691 2271 1779 περιήστραψε
2322 1692 2591 1771 πολλοῦς
2627 1694 2701 1760 τὸ

519 1796 695 1856 θεῖον
739 1791 921 1855 τοῦτο
969 1792 1107 1876 φῶς
1142 1791 1210 1854 ἐν
1249 1796 1379 1866 τοῖς
1425 1792 1545 1852 τοῦ
1587 1791 1867 1871 διωγμοῦ
1921 1801 2164 1877 καιροῖς
2201 1792 2695 1877 ἀγωνιζομένους

520 1890 682 1975 ὑπὲρ
734 1889 1038 1975 Χριστοῦ,
1087 1890 1196 1953 καί
1238 1887 1575 1954 ’Λντώνιον
1623 1886 1734 1955 τὸν
1777 1893 1953 1955 θεῖον
2007 1885 2081 1955 οῦ
2134 1891 2286 1977 πρὸς
2325 1891 2778 1978 τυράννους,ιό

520 1987 683 2056 α’λλά
737 1986 886 2064 τοῦς
935 1991 1325 2073 δεινοτέρους
1383 1986 1709 2073 τυράννων
1754 1991 2069 2079 ,δαιμονας
2131 1996 2703 2077 παρατεταγμένον,

527 2088 612 2165 ὦς
664 2090 735 2155 ἐκ
773 2090 899 2153 τῶν
942 2089 1089 2169 περὶ
1130 2087 1332 2151 αὐτοῦ
1385 2091 1948 2173 συγγεγραμμένων
2002 2086 2207 2167 ἔξεστι
2257 2093 2527 2172 μαθεῖν.
2625 2094 2705 2161 οὕ

472 2186 661 2274 (Ξμῆν
713 2188 851 2253 ἄλλ’
907 2188 968 2251 εἰ
1008 2188 1114 2250 δεῖ
1159 2184 1270 2250 καὶ
1308 2188 1511 2250 ταῦτα
1573 2186 1780 2252 πάντα
1826 2186 2358 2273 παραδραμόντας
2414 2189 2572 2276 πρὸς
2623 2191 2699 2257 τὰ

521 2288 767 2374 πρῶτον
805 2282 1203 2371 παράδειγμα
1234 2285 1661 2369 ἀναδραμεῖν,
1708 2287 1931 2372 σαφῶς
1972 2287 2217 2363 ἐξέσται
2261 2292 2378 2354 τοῦ
2426 2288 2699 2356 δυνατόν

522 2382 686 2451 εἶναι
724 2394 853 2462 τοῖς
885 2392 1263 2466 σωματικοῖς
1308 2383 1663 2470 ὀφθαλμοῖς
1694 2387 1869 2449 θεῖον
1896 2388 2006 2450 καί
2050 2377 2344 2454 ἅκτιστον
2379 2392 2521 2476 φῶς
2546 2390 2780 2458 θεά-20

523 2490 766 2551 σασθαι
798 2480 913 2568 τὴν
953 2482 1271 2561 ἀπόδειξιν
1296 2487 1530 2565 λαβεῖν.
1612 2483 2003 2569 παραλαβών
2038 2487 2195 2572 γάρ,
2244 2512 2471 2574 φησιν,
2518 2487 2555 2553 ὅ
2583 2488 2693 2554 κό-

524 2606 661 2670 ριος
698 2581 819 2669 πρὸ
847 2583 960 2646 τοῦ
999 2577 1247 2658 πάθους
1279 2579 1428 2657 τοῦς
1460 2584 1833 2668 προκρίτους
1870 2584 1998 2647 τῶν
2039 2589 2342 2670 μαθητῶν
2372 2591 2485 2653 καί
2516 2584 2701 2653 ἄνελ-

523 2681 661 2750 θών
703 2680 812 2750 ἐπὶ
842 2680 1112 2769 Θαβώρ,
1171 2678 1639 2769 μετεμορφώθη
1669 2679 2027 2769 ἔμπροσθεν
2075 2683 2286 2750 αὐτῶν
2313 2683 2699 2773 καίἒλαμψε

526 2908 915 2979 gnantiumque
950 2905 1294 2977 depositione
1334 2906 1574 2958 animum
1614 2920 1909 2976 expurgare
1958 2903 2238 2960 docuisset
2281 2912 2339 2958 et
2385 2905 2461 2958 ita
2499 2903 2567 2957 ad
2605 2921 2696 2957 sa-

524 2996 612 3032 cra
648 2978 917 3031 vestibula
955 2976 1115 3028 huius
1155 2978 1372 3030 divinae
1413 2995 1470 3029 sa
1515 2977 1717 3028 ientiae
1751 2976 2026 3041 accedere,
2074 2978 2243 3030 multa
2279 2977 2483 3038 Deum,
2520 2976 2699 3027 multa

521 3051 666 3103 viros
702 3048 801 3100 hac
835 3047 1174 3117 perfectione
1226 3048 1281 3100 di
1321 3065 1417 3100 nos
1507 3047 1683 3100 abitos
1734 3056 2076 3116 precantem,
2147 3058 2210 3101 ut
2255 3047 2323 3099 ad
2378 3063 2516 3116 opus
2582 3052 2701 3098 tam

530 3119 765 3173 sublime
801 3127 859 3170 et
896 3116 1129 3170 humana
1167 3118 1290 3170 facu
1318 3125 1426 3170 tate
1463 3120 1746 3188 superius,
1784 3116 2096 3170 adiumento
2133 3117 2239 3169 sibi
2276 3132 2392 3169 csse
2426 3134 2497 3168 ne
2534 3132 2701 3168 recu-

524 3188 762 3258 sarent3)
810 3197 908 3241 aut
953 3197 1242 3258 postquam
1288 3196 1511 3258 propter
1546 3187 1809 3239 desidiam
1847 3205 1998 3238 suam
2040 3188 2348 3240 inconsulto
2394 3187 2464 3239 ad
2514 3187 2703 3255 proxi·

522 3277 672 3311 mum
709 3258 1034 3322 accessisset,
1075 3257 1321 3310 auditum
1357 3275 1657 3311 sermonem
1694 3259 1840 3310 illius
1878 3258 2129 3311 inscitiae
2168 3257 2435 3309 tribuere:
2465 3273 2567 3308 nec
2602 3272 2700 3309 ve·-

522 3330 612 3383 lut
632 3327 820 3383 dedita
843 3345 1009 3398 opera
1030 3338 1087 3382 ct
1119 3336 1391 3399 tamquam
1428 3330 1762 3396 insperatum
1796 3328 2003 3379 lucrum
2041 3345 2103 3379 ea
2132 3328 2296 3380 verba
2329 3329 2566 3396 arripere
2604 3344 2697 3378 sr-

524 3408 884 3470 roganterque
926 3407 981 3451 et
1015 3399 1259 3468 proiecte
1299 3399 1358 3450 in
1394 3416 1599 3451 sacram
1637 3401 1875 3470 quietem
1911 3397 2185 3458 invadere,
2247 3405 2303 3450 et
2337 3414 2401 3450 ea
2447 3396 2696 3450 fruentes

523 3469 831 3524 maledictis
868 3469 1250 3532 conscindere,
1288 3470 1636 3539 impostores,
1669 3466 1987 3525 mendaces,
2022 3467 2371 3521 Massalianos
2406 3483 2697 3535 nuncupa-

532 3559 610 3605 re,
649 3558 716 3592 ex
754 3556 819 3593 eo
856 3539 1007 3611 quod
1040 3538 1309 3603 audisset,
1347 3547 1561 3591 sanctos
1598 3540 1806 3591 lumine
1850 3539 2247 3600 circumfundi,
2282 3537 2520 3608 plurium
2558 3554 2699 3588 con-

525 3611 872 3664 tumeliarum
926 3627 1053 3662 ansa
1102 3618 1317 3679 arrepta
1364 3608 1638 3662 videlicet.
1711 3609 2050 3678 Quamquam
2099 3607 2376 3661 doctorem
2425 3608 2588 3659 istum
2622 3605 2696 3660 de

528 3683 651 3734 aliis
692 3680 915 3751 quidem
951 3680 1144 3733 merito
1185 3681 1441 3740 forsitan,
1493 3679 1564 3731 de
1601 3679 1707 3731 hoc
1755 3686 1935 3730 autem
1977 3695 2007 3730 a
2042 3681 2262 3730 nemine
2310 3694 2467 3748 posse
2501 3693 2696 3747 repre-

524 3751 713 3804 hendi.
786 3751 924 3804 Nam
972 3759 1028 3803 et
1078 3752 1213 3803 alios
1257 3751 1458 3803 multos
1508 3749 1902 3819 persecutionis
1948 3748 2285 3818 temporibus
2330 3764 2427 3818 pro
2477 3745 2696 3801 Christo

528 3821 880 3884 dimicantes,
939 3819 1044 3874 hoc
1091 3821 1334 3874 divinum
1383 3822 1567 3872 lumen
1623 3820 1951 3872 convestisse
1991 3826 2047 3871 et
2093 3829 2339 3871 sanctum
2375 3818 2697 3881 Antonium,

527 3910 641 3946 non
682 3901 868 3945 contra
907 3899 1193 3959 tyrannos,
1240 3890 1337 3946 sed
1372 3899 1561 3943 contra
1614 3889 1901 3946 daemonas
1935 3891 2179 3957 tyrannis
2219 3887 2595 3941 horribiliores
2631 3890 2695 3939 in

528 3965 646 4016 acie
683 3971 949 4029 stantem3
995 3962 1055 4014 id
1100 3960 1249 4032 quod
1297 3977 1365 4012 ex
1403 3959 1635 4012 historia
1668 3962 1785 4012 eius
1830 3959 1973 4011 vitae
2009 3966 2205 4029 pateat.
2277 3960 2478 4011 Verum
2514 3960 2695 4009 enim-

531 4050 694 4096 vero,
750 4033 797 4084 si
832 4030 917 4084 his
954 4032 1206 4084 omnibus
1282 4032 1552 4085 raetcritis
1604 4030 1675 4083 ad
1711 4031 1942 4100 primum
1988 4030 2261 4098 exemplar
2307 4026 2695 4081 recurrendum
2790 4052 2797 4062 ·

537 4105 637 4167 sit,
690 4119 852 4172 posse
888 4102 1008 4153 fieri
1045 4111 1106 4154 ut
1142 4119 1207 4155 oc
1268 4103 1316 4154 is
1354 4102 1625 4171 corporeis
1681 4102 1950 4172 quispiam
1986 4100 2232 4153 divinum
2285 4108 2342 4152 et
2390 4101 2693 4154 increatum

535 4176 726 4227 lumen
774 4172 1198 4242 contempletur,
1257 4175 1544 4243 perspicue
1607 4170 1976 4224 demonstrare
2028 4171 2210 4222 licere.
2298 4169 2693 4238 Evangelistam

538 4246 685 4298 enim
723 4241 978 4309 scribere,
1027 4241 1304 4296 dominum
1341 4251 1467 4297 ante
1504 4250 1731 4296 mortem
1769 4258 1917 4296 suam
1956 4241 2229 4313 principes
2270 4239 2566 4311 discipulos
2601 4254 2693 4290 as·
