2982 4913
618 291 645 348 1
674 295 702 350 1
718 261 774 364 4
1399 273 1951 344 ΟΑΜΑΟΠΖΕΝΙ
2003 299 2008 304 -
2071 300 2082 312 ·

312 452 574 513 &01:321
599 443 690 531 μὴ
717 438 915 527 μικρά
938 449 1079 503 τινα
1110 436 1222 499 καὶ
1248 432 1518 507 παιδίοις
1539 434 1856 517 πρέποντα
1885 424 2288 514 ἡμαρτηκότι.
2322 423 2462 490 ἐπεὶ
2495 420 2746 491 δὀῧτω
2789 513 2800 532 .

596 537 1036 625 συνεχώρησεν
1076 533 1112 599 ὅ
1126 532 1298 608 ’θεὸς
1319 535 1443 596 τῶν
1469 535 1640 612 ἐμῶν
1674 534 1852 595 ἕνεκα
1877 525 2125 603 πάντως
2159 526 2431 611 ἀπείρων
2461 523 2749 638 ἄμαρτη..

602 640 842 723 μάτων,
870 637 1059 699 πάλιν
1087 632 1261 718 αὐτῷ
1285 627 1552 716 χάριτας
1579 628 1863 710 ὁμολογῶ
1886 625 2132 705 πολλὰς,
2176 618 2277 688 ὅτι
2314 622 2404 706 μὴ
2441 644 2747 707 προτερον

599 738 909 802 κατέλυσα
956 730 1071 817 τὴν
1123 726 1290 813 ζωὴν
1311 777 1331 809 ,
1368 725 1516 813 πρὶν
1568 725 1923 811 ἐπιτηδείου
1973 725 2198 809 καιροῦ
2245 729 2467 803 τυχεῖν
2508 717 2743 799 οὕτως,

598 832 760 900 ὥστε
782 832 1133 915 δυνηθῆναι
1151 829 1262 892 καί
1287 824 1356 891 τό
1378 819 1599 891 ἄδολον
1627 826 1737 910 τῆς
1766 825 2015 908 γνώμης
2044 820 2153 886 καί
2177 817 2287 904 τὴν
2314 822 2403 895 εἰς
2434 821 2505 883 σὲ
2535 811 2793 882 εὐαί-5

438 957 443 964 ‘
484 957 493 962 “
546 940 795 1003 Βθειαν
846 929 955 995 καὶ
997 923 1333 1009 δουλότητα
1378 922 1659 1011 φανερὰν
1705 924 2113 1006 καταστῆσαι.
2191 918 2273 986 σὺ
2331 922 2451 1000 μὲν
2491 909 2637 999 οὖν,
2693 911 2754 981 αἶ

599 1030 896 1114 βασιλεῦ,
935 1029 1049 1109 τῆς
1077 1026 1190 1108 σῆς
1216 1026 1335 1103 μὲν
1366 1016 1673 1103 ἀνεψιᾶς,
1727 1023 1880 1104 ἐμῆς
1913 1021 1983 1083 δὲ
2013 1018 2231 1099 θείας,
2288 1018 2743 1101 διαπρεσβευο-

596 1133 785 1212 μένης
807 1178 826 1209 ,
883 1117 1115 1213 ᾔτησας
1156 1117 1277 1186 ὅσα
1326 1116 1539 1195 οἶδας.
1600 1116 1721 1203 ἐγώ
1751 1121 1812 1181 δ’
1841 1121 1911 1182 ἐν
1942 1115 2177 1193 ἱκεσίας
2204 1119 2382 1202 μέρει
2424 1112 2599 1199 παρὰ
2637 1122 2758 1178 τοῦ

594 1226 869 1310 μεγάλου
920 1224 1226 1307 βασιλέως
1262 1220 1422 1285 αῖτῶ
1461 1217 1572 1283 καὶ
1602 1218 1760 1282 θεοῦ
1774 1269 1794 1299 ,
1851 1221 1924 1282 σὲ
1956 1220 2074 1298 μέν
2113 1211 2222 1280 §nt
2267 1221 2516 1289 πολλοῖς
2550 1211 2761 1278 ἔτεσιν

598 1329 666 1391 ἒν
708 1326 901 1403 ζῶσιν
924 1315 1113 1401 εἶναι,
1169 1317 1279 1382 καὶ
1319 1316 1433 1402 τὴν
1465 1315 1796 1399 Ῥωμαίων
1827 1316 1907 1401 ἀρ
1912 1313 2036 1401 χὴν
2065 1314 2342 1396 ἰθύνειν,
2398 1316 2511 1395 ἐμὲ
2545 1315 2616 1378 δὲ
2646 1308 2840 1379 οἷαιο

602 1421 825 1486 δοῦλον
854 1417 970 1485 σὸν
998 1415 1108 1482 καὶ
1126 1414 1286 1499 υἱόν,
1326 1408 1368 1503 ᾗ
1409 1414 1679 1491 κελεύεις
1705 1409 1923 1494 αὐτὸς,
1978 1410 2047 1478 τό
2074 1411 2610 1499 προσταττόμενον
2653 1416 2763 1478 ἐκ·-

595 1519 897 1603 πληροῧν·
975 1520 1096 1581 τοῦ
1125 1513 1367 1602 χρόνου
1411 1512 1488 1600 δὴ
1536 1510 1893 1599 προϊόντος,
1949 1509 1995 1575 ἃ
2031 1509 2217 1598 <pstor
2255 1513 2389 1577 ἐστι’
2419 1515 2582 1601 θεῷ,
2624 1536 2766 1576 τοι-

576 1620 750 1681 ‘aiv’
793 1618 1277 1699 οἶκονομηθῆναι
1314 1611 1463 1698 περὶ
1512 1612 1701 1696 ἡμᾶς.
1782 1612 1843 1675 εἰ
1872 1614 1992 1691 μὲν
2040 1602 2152 1676 οὖν
2202 1612 2504 1697 πρότερος
2561 1605 2768 1689 αὖτὸς

602 1716 855 1779 ἀποστῶ
883 1714 999 1777 τοῦ
1027 1714 1155 1799 ζῇν,
1195 1713 1305 1777 ἐπὶ
1333 1709 1441 1775 σοι’
1468 1707 1587 1794 τὴν
1621 1710 1698 1793 ἀρ
1702 1707 1824 1794 χὴν
1848 1712 2096 1773 κεῖσθαι
2134 1711 2363 1791 πᾶσαν,
2406 1705 2568 1775 ὥσθ’
2588 1707 2633 1773 ἅ
2659 1733 2768 1775 σοι

590 1817 770 1879 δοκεῖ
821 1814 1172 1899 συμφέρειν
1244 1819 1474 1875 ποιεῖν·
1542 1811 1603 1873 εἰ
1635 1812 1696 1872 δ’
1733 1801 1858 1894 ἄρα
1901 1810 1981 1873 σύ
2014 1828 2086 1891 γε
2118 1804 2270 1908 πρὸς
2310 1806 2422 1883 τὰς
2462 1810 2843 1887 αι”ωνίουςιῦ

601 1909 1050 1998 μετακληθὴσῃ
1083 1905 1309 1991 μονάς,
1363 1905 1514 1989 ἐμοὶ
1535 1904 1718 1970 πάλιν
1748 1907 1859 1990 τήν
1892 1905 2222 1991 ἡγεμονίαν
2268 1907 2613 1990 (Ρωμαίων
2644 1936 2766 1975 κα-

448 2028 505 2083 Ρ.
532 2012 1042 2096 Ι131ἀλεκρθῆναι.
1081 2009 1287 2072 ταῦτα
1323 2009 1442 2086 μὲν
1485 1997 1600 2069 οὖν
1641 1999 1786 2067 ὅποι
1813 2006 1897 2092 τῷ
1934 2007 2062 2093 θεῷ
2096 2003 2280 2092 φίλον
2333 2007 2615 2088 ἀγέσθω·
2647 2034 2767 2075 νυ-

610 2113 678 2174 νι“
714 2109 786 2172 δὲ
819 2103 1087 2189 ἀνάγκης
1118 2126 1189 2169 τε
1227 2101 1337 2167 καί
1364 2103 1587 2177 αἰδοῦς
1630 2104 2076 2188 μεριζομένης,
2116 2102 2375 2186 ἴσχυσεν
2409 2104 2450 2190 ἧ
2497 2100 2764 2192 ἀνάγκη,

596 2208 711 2270 καί
752 2230 814 2269 τι
869 2203 996 2268 τῶν
1044 2199 1134 2287 μὴ
1178 2198 1615 2287 προσηκόντων
1653 2199 1765 2265 καί
1808 2201 2208 2266 ἀπαιδεύτων
2246 2201 2356 2267 καὶ
2403 2205 2604 2287 λέγειν
2646 2207 2768 2271 καί

596 2301 891 2387 πράττειν
940 2301 1295 2383 βιαζομένῃ.
1378 2298 1521 2363 δέον
1558 2296 1679 2384 γὰρ
1736 2303 1847 2365 καί
1879 2301 2047 2385 ἡμᾶς
2088 2297 2321 2375 αὐτους
2377 2304 2488 2367 καὶ
2542 2304 2838 2381 πόλειςτο

597 2401 707 2465 καί
738 2398 1037 2486 χρήματα
1078 2400 1189 2464 καί
1216 2398 1380 2480 όμοῦ
1417 2394 1620 2464 πάντα
1658 2421 1761 2463 σοι
1789 2396 2187 2486 ἕγχειριζειν,
2230 2401 2405 2466 δυεῖν
2437 2404 2614 2467 ἕνεκα
2655 2406 2764 2470 αι’-

595 2502 748 2564 τιῶν
786 2495 1017 2584 ἑτέρως
1059 2497 1506 2583 ἠναγκάσμεθα
1552 2506 1768 2564 ποιεῖν.
1848 2502 1916 2563 ἓν
1947 2501 2096 2581 μὲν,
2141 2493 2238 2562 ὅτι
2265 2500 2381 2585 τὴν
2428 2504 2550 2583 μὲν
2590 2501 2762 2588 ἒμὴν

597 2601 691 2670 εἷς
717 2595 787 2661 τό
834 2597 913 2661 τά
944 2618 1051 2665 σοι
1084 2595 1242 2681 φιλα
1273 2594 1563 2682 πράττειν
1603 2598 1968 2681 προαίρεσιν
2008 2597 2117 2660 καί
2152 2594 2266 2681 τὴν
2290 2600 2443 2681 περί
2460 2622 2531 2662 σε
2564 2600 2760 2685 τιμήν

442 2701 506 2758 V.
525 2704 594 2776 ⁵9
607 2717 676 2758 τε
714 2692 825 2759 καὶ
861 2695 1023 2759 αι’δαῖ
1059 2693 1208 2768 θτός
1245 2717 1314 2758 τε
1352 2689 1523 2761 οἶδεν
1561 2692 1596 2756 ό
1640 2692 1719 2760 τὰ
1752 2692 2145 2780 κεκρυμμένα
2170 2691 2371 2777 εἰδώς,
2412 2693 2521 2760 καὶ
2546 2696 2760 2781 αὐτὸς,

605 2855 883 2909 dumtaxat
948 2856 1349 2927 pueriliumque
1412 2856 1728 2909 delictorum
1768 2854 1903 2908 mihi
1937 2871 2053 2908 esse
2088 2856 2373 2908 conscium.
2448 2856 2590 2926 Quia
2621 2874 2756 2912 vero

599 2935 824 2996 propter
859 2925 1275 2978 innumerabilia
1318 2934 1534 2994 peccata
1572 2944 1689 2979 mea
1739 2928 1885 2979 Deus
1939 2926 2042 2978 hoc
2086 2925 2360 2993 permisit,
2429 2945 2641 2979 rursum
2699 2932 2756 2981 ei

602 2997 763 3048 etiam
792 3004 954 3067 atque
989 2999 1151 3049 etiam
1184 2998 1374 3065 gratias
1400 3014 1527 3066 ago,
1563 2995 1709 3066 quod
1734 3014 1845 3048 non
1867 3003 1994 3051 ante
2024 2996 2189 3046 vitam
2219 2996 2386 3061 finivi,
2421 3013 2578 3068 quam
2605 3007 2755 3051 tem-

595 3082 698 3134 pus
724 3066 977 3118 idoneum
998 3067 1366 3129 nanciscerer,
1405 3082 1514 3135 quo
1558 3073 1614 3116 et
1646 3065 1930 3118 candorem
1960 3065 2126 3116 animi
2162 3067 2303 3129 mei,
2352 3076 2410 3119 et
2450 3066 2756 3120 obediendi

594 3135 871 3196 studium,
929 3153 991 3188 ac
1028 3136 1423 3187 subiectionem
1462 3150 1634 3185 meam
1675 3135 1782 3186 tibi
1832 3133 2104 3187 declarare
2141 3150 2371 3202 possem.
2454 3139 2538 3189 Tu
2567 3139 2756 3207 igitur,

594 3203 771 3272 legata
814 3202 883 3253 ad
924 3221 1008 3255 me
1056 3206 1279 3256 amitina
1334 3213 1429 3255 tua
1497 3203 1794 3274 eademque
1828 3213 2051 3274 cognata
2099 3220 2244 3265 mea,
2308 3207 2552 3276 petivisti
2609 3226 2757 3279 quae

596 3273 761 3328 nosti,
833 3272 1000 3343 Atqui
1041 3290 1136 3343 ego
1181 3292 1211 3324 a
1246 3291 1434 3343 magno
1465 3274 1787 3341 imperatore
1824 3276 1940 3327 Deo
1974 3274 2292 3344 suppliciter
2331 3277 2634 3341 contendo,
2688 3286 2758 3329 ut

597 3341 657 3393 in
688 3341 873 3409 longos
919 3360 1088 3394 annos
1138 3345 1303 3394 vitam
1344 3342 1631 3405 extendas,
1688 3345 1975 3412 imperium
2015 3346 2309 3396 Romanum
2343 3346 2636 3415 gahernes,
2695 3356 2755 3400 et

600 3426 697 3478 ego
719 3409 887 3462 instar
919 3413 1056 3462 servi
1096 3419 1153 3462 et
1178 3414 1276 3464 filii
1299 3414 1556 3482 imperata
1590 3419 1684 3464 tua
1712 3430 2002 3484 exsequar:
2036 3413 2361 3483 procedente
2400 3426 2580 3468 autem
2599 3424 2752 3469 tem-

597 3494 760 3547 pore,
804 3496 942 3550 quae
970 3481 1052 3530 illi
1079 3482 1412 3548 placuerint,
1464 3479 1534 3533 de
1570 3482 1729 3533 nobis
1765 3485 2086 3535 constituat:
2140 3492 2224 3545 et,
2273 3484 2319 3535 si
2354 3487 2503 3568 prius
2530 3487 2747 3553 obeam,

596 3557 661 3598 ut
692 3547 748 3598 in
778 3555 832 3599 te
862 3556 1035 3599 totum
1060 3551 1330 3604 recumbat
1363 3551 1677 3619 imperium3
1718 3570 1857 3621 quo,
1909 3569 2045 3623 quae
2078 3553 2223 3604 sactu
2255 3555 2412 3605 utilia
2441 3558 2719 3609 censueris
2738 3595 2757 3623 ‚

600 3633 663 3668 ea
696 3626 968 3685 praestes:
1024 3619 1108 3668 sin
1163 3629 1221 3671 tu
1263 3620 1329 3671 ad
1377 3622 1680 3673 mansiones
1723 3624 1844 3674 illas
1877 3623 2227 3691 sempiternas
2265 3623 2429 3676 fueris
2480 3635 2753 3691 evocatus,

597 3694 662 3737 ut
688 3685 818 3737 mihi
853 3686 1030 3739 denuo
1059 3689 1392 3758 principatus
1413 3694 1673 3744 Romanus
1695 3692 2044 3763 relinquatur.
2127 3690 2235 3745 Sed
2261 3692 2362 3744 ista
2406 3694 2648 3764 quidem,
2691 3706 2753 3749 ut

594 3757 714 3809 Deo
758 3757 1019 3823 placitum
1057 3758 1176 3820 erit,
1212 3760 1289 3809 ita
1322 3777 1379 3812 se
1422 3759 1676 3812 habeant.
1747 3761 1904 3814 Nunc
1951 3763 2274 3814 necessitate
2329 3768 2745 3836 reverentiaque

600 3824 985 3878 dissidentibus
1009 3865 1025 3889 ‚
1057 3830 1346 3879 necessitas
1383 3831 1517 3883 vicit
1556 3839 1614 3880 et
1645 3831 1897 3883 indecore
1929 3832 2286 3901 imperiteque
2321 3832 2502 3886 dicere
2539 3835 2752 3888 facere·

601 3909 708 3963 que
755 3898 1032 3966 compulit.
1071 3897 1206 3949 Cum
1247 3915 1480 3969 namque
1520 3906 1576 3950 et
1609 3918 1706 3952 nos
1742 3904 1916 3968 ipsos,
1969 3910 2026 3953 et
2059 3901 2337 3963 civitates,
2395 3911 2451 3955 et
2523 3908 2750 3958 ecunias

598 3970 655 4015 et
701 3965 863 4017 simul
914 3965 1092 4017 omnia
1136 3967 1195 4020 in
1245 3984 1435 4020 manus
1472 3977 1597 4020 tuas
1641 3969 1853 4023 tradere
1886 3969 2173 4034 decuisset,
2207 3970 2422 4023 duabus
2505 3992 2534 4028 e
2571 3976 2747 4028 causis

595 4048 747 4084 secus
801 4050 955 4102 agere
991 4039 1162 4088 coacti
1197 4053 1396 4091 sumus.
1468 4040 1600 4101 Una,
1638 4039 1786 4110 quod
1821 4057 1992 4093 meam
2033 4040 2139 4092 tibi
2174 4042 2514 4109 gratificandi
2547 4046 2744 4097 voiun-

595 4109 779 4164 tatem,
810 4103 1225 4170 observantiam,
1259 4108 1522 4176 pudorem
1559 4110 1682 4178 erga
1718 4120 1774 4163 te
1799 4111 1944 4162 Deus
1969 4111 2138 4173 novit,
2172 4112 2262 4162 cui
2291 4111 2504 4166 comita
2536 4122 2746 4181 patent,

597 4180 652 4225 ct
697 4172 811 4244 ipse
865 4175 1078 4246 quotics
1128 4180 1335 4235 occasio
1377 4175 1537 4245 tulit,
1590 4178 1932 4243 evidentibus
1978 4180 2306 4251 argumentis
2338 4180 2471 4238 hacc
2505 4183 2740 4240 ostendi.
2821 4218 2828 4223 -
