2982 4913
833 342 886 401 1.
943 335 1300 407 Pomm
1357 310 1833 408 russi-Ano.
2139 352 2144 356 ·
2332 331 2416 417 xi

254 492 609 576 excellentes
652 519 857 571 tamen
929 515 1110 590 atque
1161 507 1456 593 perfectos
1506 508 1834 575 admodum
1884 533 2054 579 raros
2109 518 2424 582 nominare

252 611 593 695 possumus)
635 606 826 672 nihilo
864 608 1064 669 minus
1096 608 1162 671 in
1206 609 1321 671 ista
1352 619 1818 694 quantacunque
1849 613 2283 696 interpretandi
2315 617 2426 680 de-

254 712 604 794 fatigatione
677 728 748 770 ac
818 705 1091 769 molestia
1110 752 1130 790 ‚
1185 709 1481 780 suavitate
1528 709 1791 792 quadam
1831 713 2217 794 perfunditur
2236 759 2258 794 ‚
2320 738 2425 780 εχ.

255 812 580 897 pleturque
614 811 853 871 animus
871 851 891 887 ,
946 828 1086 868 cum
1132 806 1247 870 sibi
1292 809 1360 869 in
1412 809 1548 870 sinu
1592 807 2039 893 quodammodo
2081 817 2248 877 nasci
2285 815 2428 880 the-
2505 856 2509 859 v
2546 828 2552 833 '
2613 816 2619 823 ’

220 938 233 955 »
257 926 511 974 caurum
547 908 756 987 videt,
800 906 961 968 unde
994 906 1296 967 bonarum
1324 905 1665 969 litterarum
1699 908 1884 972 ditior
1926 911 2177 974 evadat·
2236 934 2426 998 quae·-

259 1033 377 1096 que
408 1011 707 1073 hactenus
735 1017 828 1069 tot
854 1007 1209 1087 hominum,
1252 1010 1435 1069 etiam
1484 1008 1901 1090 eruditorum,
1955 1010 2199 1072 millia
2182 1033 2428 1094 ignora-

260 1121 404 1172 runt
419 1153 439 1188 ,
510 1106 829 1190 multoque
880 1106 1108 1168 diutius
1129 1151 1149 1187 ,
1212 1128 1282 1168 ac
1341 1119 1637 1192 perpetuo
1692 1108 1942 1180 forsitan
2021 1112 2428 1193 ignorassent,

261 1230 332 1273 ea
355 1211 639 1307 princeps
680 1207 1026 1289 cognoscit,
1098 1216 1160 1267 et
1199 1205 1671 1288 sollicitudines,
1714 1230 1962 1293 operam
2014 1222 2196 1294 atque
2254 1231 2444 1287 conaff
2579 1246 2590 1261 κ

262 1320 365 1371 tus
423 1329 565 1370 suos
623 1326 732 1389 spe
772 1316 846 1368 et
880 1304 1103 1367 fiducia
1165 1315 1373 1389 gratae
1416 1309 1795 1391 posteritatis
1827 1307 2195 1371 consolatur.

430 1408 714 1471 Ceterum
754 1426 896 1468 cum
934 1407 1001 1468 in
1043 1403 1162 1467 hoc
1204 1427 1447 1503 quoque
1484 1418 1613 1481 tam
1653 1409 1981 1490 praestanti
2008 1429 2263 1472 munere
2301 1409 2432 1474 ela-
2515 1428 2530 1440 ·

266 1507 526 1573 borandi
542 1551 565 1586 ‚
604 1516 667 1570 et
701 1503 950 1588 aliquod
993 1525 1214 1585 operae
1245 1508 1510 1588 pretium
1548 1507 1803 1570 faciendi
1829 1506 2111 1570 voluntas
2139 1528 2266 1569 non
2299 1530 2436 1577 me—

147 1618 157 1630 *
275 1606 497 1668 diceris
521 1607 639 1668 iam
672 1603 913 1688 pridem
955 1603 1107 1665 mihi
1146 1602 1316 1667 haud
1359 1603 1617 1667 defuerit
1637 1650 1659 1685 ,
1711 1604 2104 1668 nihilominus
2144 1608 2272 1669 eius
2311 1609 2438 1669 dif-

274 1704 564 1766 fieultatoe
600 1703 966 1786 cogitatione
1012 1700 1511 1783 complectentem
1535 1748 1556 1783 ,
1615 1724 1740 1765 non
1768 1706 2014 1788 quidem
2051 1707 2255 1790 pudor
2286 1691 2458 1789 sub--

268 1805 526 1866 rusticus
543 1846 565 1881 ‚
630 1801 739 1867 sed
773 1811 972 1862 metus
1021 1799 1269 1885 quidam
1288 1845 1307 1879 ,
1378 1813 1450 1863 ut
1495 1801 1799 1881 arbitror,
1857 1806 2153 1887 ingenuus
2193 1816 2440 1890 'semper

192 1906 196 1911 ’
273 1902 618 1966 obstet-ruit.
698 1900 787 1963 Et
826 1901 1030 1961 nescio
1073 1901 1379 1983 quomodo
1411 1901 1623 1964 haeret
1659 1904 1725 1963 in
1764 1903 2046 1966 medullis
2068 1950 2087 1984 ‚
2139 1906 2250 1968 nec
2279 1906 2439 1967 obli-

142 2028 151 2035 *
273 2004 420 2064 visci
470 2021 629 2084 queo
650 2045 673 2080 ‚
740 2000 907 2082 quod
954 1998 1118 2084 apud
1164 2002 1523 2083 scriptorem
1570 2004 2011 2085 persapientem
2057 2004 2259 2090 legere
2308 2003 2442 2068 me—
2473 2036 2489 2048 ·

275 2104 421 2165 mini
441 2123 461 2162 ε
478 2108 497 2125 Ἀ
541 2109 851 2182 praestare
885 2101 1102 2162 timere
1120 2145 1140 2179 ,
1211 2120 1395 2183 quam
1448 2100 1674 2163 audere
1724 2104 1790 2164 in
1828 2101 2070 2166 litteris.
2167 2104 2453 2175 Accessit

277 2200 352 2264 ad
388 2221 490 2262 me
520 2198 957 2263 retardandum
976 2243 996 2280 ,
1034 2199 1201 2284 quod
1229 2201 1337 2285 qui
1370 2203 1716 2285 primorum
1761 2192 1977 2285 primi,
2028 2204 2443 2288 signiferique‚

277 2313 456 2384 atque
513 2300 666 2362 adeo
690 2344 712 2380 ,
776 2303 882 2383 qui
925 2302 1326 2383 interpretum
1379 2300 1671 2365 familiam
1729 2300 1952 2363 ducere
2001 2304 2444 2386 existimantur,

278 2401 375 2466 vel
411 2403 481 2465 in
526 2422 655 2464 uno
704 2399 865 2479 libro
914 2399 1323 2463 convertendo
1373 2400 1738 2463 creberrime
1796 2398 2190 2484 hallucinati,
2260 2414 2472 2488 atque.

244 2519 249 2523 ’
278 2523 314 2564 a
340 2502 515 2566 lineis
534 2547 556 2585 ,
605 2499 773 2584 quod
792 2499 1052 2580 dicitur,
1092 2499 1414 2581 excidisse,
1455 2498 1904 2584 diligentiorum
1927 2502 2450 2565 animadversione
2559 2560 2563 2566 .

276 2601 640 2685 deprehensi
679 2611 845 2664 sunt
950 2601 1268 2679 Quaenam
1303 2620 1458 2683 ergo
1521 2600 1673 2661 mihi
1720 2602 2048 2664 semidocto
2099 2601 2260 2665 fama
2302 2623 2449 2683 spe-

276 2702 469 2764 randa
502 2702 663 2768 fuit?
754 2700 992 2765 Verum
1034 2700 1344 2760 enimvero
1362 2744 1382 2781 ,
1450 2710 1835 2762 cunctantem
1905 2722 1975 2763 ac
2044 2700 2455 2784 trepidantem

276 2804 642 2885 sapientium
683 2803 961 2864 virorum
998 2800 1326 2862 auctoritas
1370 2802 1702 2863 commovit
1721 2843 1744 2880 ‚
1809 2802 2062 2884 ipsaque
2095 2798 2256 2863 ra'tio
2298 2821 2447 2862 con-

278 2902 549 2964 firmavit
569 2945 591 2983 ,
657 2912 727 2963 ut
779 2897 1105 2983 aliquando
1150 2900 1216 2958 in
1274 2897 1510 2961 isthanc
1559 2898 1922 2982 palaestram
1979 2898 2403 2961 descenderem
2422 2920 2450 2962 ε

278 3002 581 3085 siquidem
599 3044 620 3081 ,
688 3002 855 3062 iuxta
900 2997 1217 3080 vulgatum
1238 3042 1259 3078 ,
1338 3018 1519 3059 nemo
1582 3001 1850 3059 nascitur
1899 2998 2110 3059 artifex
2130 3019 2150 3058 ε
2240 3009 2303 3059 et
2347 3018 2459 3060 are

278 3100 452 3163 nulla
511 3111 603 3163 est
621 3144 641 3181 ,
717 3102 785 3162 in
835 3119 983 3182 qua·
1008 3117 1133 3159 non
1187 3096 1495 3180 peccando
1545 3096 1848 3162 discatur:
1929 3095 2234 3180 quodque¹
2269 3095 2449 3165 nobis

260 3204 488 3283 'pueris
514 3264 523 3274 .
548 3199 857 3284 quondam
915 3208 1332 3284 praeceptores
1373 3198 1439 3258 in
1483 3196 1630 3262 ludo
1677 3196 2029 3280 ingerebant
2044 3240 2065 3277 ,
2137 3198 2243 3280 qui
2286 3217 2448 3260 nun-

278 3323 470 3385 quam
503 3301 664 3383 male
678 3297 708 3387 ⁴,
761 3320 1075 3381 nunquam
1112 3298 1287 3364 bene.
1381 3297 1642 3363 Eactum
1686 3299 1873 3379 igitur
1894 3340 1913 3375 ,
1965 3307 2036 3358 ut
2078 3318 2220 3357 cum
2270 3294 2449 3357 Sere-

281 3405 568 3463 nissimus
611 3402 901 3464 Boiorum
927 3400 1207 3483 prinecps
1237 3395 1682 3459 Maximilianus
1709 3397 2019 3458 Societatis
2061 3407 2305 3458 nostrae
2335 3394 2448 3458 do-

284 3503 549 3576 mesticis
586 3483 944 3583 potestatem
975 3497 1315 3584 liberaliter,
1377 3507 1561 3580 atque
1611 3494 1775 3558 ultro
1803 3490 2188 3558 concessisset
2205 3540 2226 3576 ,
2268 3516 2304 3556 e
2334 3515 2449 3555 vo·-
2534 3516 2540 3520 ·

286 3600 617 3664 luminibus
673 3601 918 3662 Graecis
975 3597 1209 3660 calamo
1259 3599 1513 3659 exaratis
1548 3597 1842 3680 (quorum
1885 3595 2070 3657 habet
2104 3597 2170 3655 in
2226 3591 2478 3662 biblio-2.

285 3700 466 3763 theca
504 3722 618 3763 sua
642 3699 1012 3762 nobilissima
1032 3687 1419 3760 lectissimam
1457 3699 1732 3780 copiam)
1764 3694 2200 3781 depromendi,
2269 3704 2331 3753 et
2370 3692 2450 3753 ad

288 3821 674 3862 communem
743 3821 921 3860 usum
1006 3796 1598 3879 emolumentumque
1617 3842 1637 3876 ,
1713 3798 1883 3858 cuius
1923 3797 2168 3859 incenso
2210 3802 2454 3853 tenetur

288 3885 587 3973 desiderio
612 3946 634 3981 ‚
700 3893 1131 3983 interpretandi
1187 3919 1342 3979 quae
1383 3896 1706 3980 placuisset
1723 3941 1743 3976 ,
1821 3916 1932 3978 ego
1973 3885 2038 3954 in
2091 3893 2254 3953 hunc
2325 3911 2451 3953 non
2537 3965 2545 3973 .

291 3999 750 4062 Christodulum
782 4002 991 4084 utique
1013 4046 1033 4080 ,
1091 3998 1196 4060 sed
1238 4000 1303 4059 in
1349 4000 1714 4081 ipsissimum
1762 3997 2049 4058 Ioannem
2081 3993 2449 4055 Cantacuze-

290 4119 443 4158 num
492 4101 842 4162 inciderim:
916 4122 1040 4183 quo
1082 4099 1163 4160 ad
1215 4109 1455 4180 gustum
1507 4099 1981 4180 sententiamque
2038 4115 2234 4154 meam
2297 4089 2450 4152 nihil

297 4201 801 4268 accommodatius
828 4245 846 4282 ‚
904 4199 1055 4262 nihil
1099 4200 1174 4260 ad
1217 4202 1413 4281 prima
1448 4197 1696 4271 militiae
1739 4198 1917 4262 huius
1957 4193 2242 4261 tentanda
2289 4192 2450 4276 peri-
