2982 4913
9 3895 27 4722 „wrm-W*—
10 3761 21 3876 ι-ι-,ᾼ-ᾼ
10 3671 19 3726 ιη’-ι
7 3131 17 3654 —fl———ss——aess-—w—w-

430 366 447 389 .
559 300 647 393 6x
1442 333 1897 398 ΡΕΒῙΟΟΗΑ

546 519 713 573 φησι
770 505 1009 575 affectat,
1068 506 1161 558 oui
1208 506 1391 576 maqni
1440 505 1742 576 logothetae
1793 505 1904 573 filii
1948 502 2191 558 student.-
2256 516 2482 574 quorum
2533 499 2762 555 litterae

548 575 999 644 intercipiuntur,
1044 584 1098 628 et
1134 581 1322 630 eorum
1357 587 1518 647 pater
1556 579 1726 646 officii
1762 580 1850 630 sui
1887 576 2225 630 admonetur.
2298 574 2760 627 Protooestiarius

549 646 861 716 logothetae
920 656 1161 700 extrema
1212 651 1494 713 minitans,
1552 668 1587 701 a
1639 658 1827 717 nepote
1872 649 2251 718 compescitur,
2306 654 2358 699 st
2407 644 2553 715 apud
2601 661 2761 697 aona

552 726 866 771 excusatur.
962 719 1129 772 Ambo
1186 721 1554 788 ingratissimi
1611 722 1960 773 inveniuntur
1978 758 1994 785 ,
2064 735 2348 787 eorumque
2404 717 2760 787 instigatione

550 790 751 842 bellum
794 789 1131 867 recrudescit
1180 788 1313 859 (43).
1385 793 1598 845 Nititur
1644 810 1809 845 senes
1857 792 2175 843 memoriam
2223 791 2460 844 iunioris
2510 806 2539 841 s
2579 789 2760 840 sacris

516 861 765 924 ⁸tollere,
810 863 969 913 cuius
1021 866 1393 931 patrocinium
1443 863 1771 934 patriarcba
1830 864 2060 932 suscipit
2112 858 2241 929 (44).
2316 860 2486 913 Aoum
2533 859 2763 927 placare

553 931 900 985 Andronicus
941 943 1203 1000 conatur,
1269 944 1320 988 et
1366 954 1403 987 a
1451 936 1594 987 bello
1633 934 1954 998 dehortans,
2012 951 2069 985 se
2116 933 2188 985 ad
2220 949 2441 986 causam
2480 928 2762 983 dicendum

553 1006 724 1071 offert.
820 1006 959 1057 Orat
1011 1004 1151 1057 idem
1201 1024 1299 1073 per
1349 1006 1570 1060 litteras
1615 1023 1841 1076 maynus
1897 1004 2222 1058 domesticus
2279 1013 2331 1057 et
2384 1006 2444 1056 in
2503 1003 2761 1055 extremis

557 1084 745 1139 terret,
789 1077 841 1126 si
881 1079 1091 1129 monita
1131 1079 1514 1146 contempserit
1549 1076 1683 1147 (45).
1775 1077 2051 1147 Responso
2111 1077 2203 1129 aci
2250 1086 2480 1127 moestus
2531 1075 2763 1140 iuvenis,

552 1147 931 1215 patriarcbae,
983 1158 1034 1199 et
1074 1151 1448 1219 episcoporum
1481 1148 1638 1216 fidem
1675 1148 1936 1219 appellat,
1987 1150 2082 1217 qui
2133 1164 2252 1200 eum
2299 1148 2359 1198 in
2394 1147 2484 1199 aoi
2522 1146 2767 1214 qratiam

553 1226 826 1271 conantur
868 1222 1181 1272 restituere.
1259 1222 1552 1274 Mittuntur
1600 1222 1859 1289 Rhegium
1911 1237 1979 1271 ea·
2015 1218 2187 1273 tribus
2226 1217 2425 1270 delecti
2462 1215 2761 1279 ordinibus,

587 1308 662 1414 2⁸1².
705 1301 1467 1433 3::;“..⁶”5.‘}:5.’·‘2.;22‘,'
1503 1291 1628 1417 ‚2¹35
1622 1285 2766 1428 ‘2222‘052422‘22‘2‘20152„Yi‘sn‘tgfkffiss

557 1430 851 1505 sigillatim
895 1431 1116 1486 obiectis
1154 1435 1459 1503 respondet.
1534 1437 1790 1503 Sequitur
1830 1433 2198 1498 oratiuncula,
2250 1449 2358 1500 qua
2408 1448 2562 1485 suam
2598 1432 2762 1482 inno-

557 1505 794 1557 centiam
861 1502 1117 1558 adversus
1182 1507 1623 1559 criminationem
1679 1505 1743 1558 de
1801 1507 2052 1575 periurio
2114 1507 2175 1557 in
2226 1503 2444 1571 foedere
2510 1500 2762 1555 violando

430 1578 457 1593 ’“
560 1583 740 1628 tuetur
790 1571 920 1642 (47).
1008 1576 1113 1629 Aoi
1164 1586 1215 1630 et
1263 1578 1501 1631 Cocalae
1549 1578 1768 1630 litteras
1815 1585 2006 1629 contra
2053 1594 2112 1628 se
2157 1577 2402 1645 profert,
2457 1573 2645 1642 quibus
2694 1571 2764 1624 ab

558 1647 696 1716 ipsis
746 1645 922 1713 foedis
971 1648 1233 1701 violatum
1275 1652 1590 1703 convincere
1640 1649 1915 1702 contendit
1969 1646 2100 1718 (48).
2189 1646 2429 1699 Gocalae
2475 1643 2764 1716 impuden-

563 1721 663 1771 tia.
740 1718 1002 1787 Episcopi
1040 1719 1298 1773 damnare
1334 1731 1648 1774 accusatum
1685 1730 1959 1773 verentur.
2026 1718 2367 1786 Respondens
2406 1733 2541 1781 avo,
2579 1716 2644 1769 de
2683 1733 2762 1781 se,

560 1799 621 1843 ut
657 1791 719 1841 in
756 1806 876 1841 eum
913 1792 1172 1858 officioso,
1206 1793 1509 1863 praedicat,
1565 1792 1742 1858 illum,
1790 1800 1852 1844 ut
1897 1791 2244 1860 sycophantis
2284 1788 2577 1852 credulum,
2626 1804 2766 1857 per·

560 1863 801 1930 strinqit,
848 1879 1036 1931 pacem
1082 1881 1182 1931 pro
1232 1882 1295 1917 re
1341 1864 1557 1933 publica
1608 1872 1750 1928 orat,
1795 1880 1854 1914 se
1889 1862 2129 1926 subiicit,
2173 1870 2226 1914 et
2260 1863 2319 1914 ni
2361 1860 2490 1912 bene
2522 1860 2766 1911 monenti

562 1932 897 1992 obsecundet,
947 1936 1187 1987 minatur
1239 1934 1378 2001 (49).
1452 1935 1685 1988 Cocalas
1735 1943 1863 1986 acta
1907 1934 2101 2002 Rbeqii
2147 1934 2426 1986 renuntiat
2473 1933 2590 1984 seni
2641 1947 2764 1982 ons-

562 2008 690 2058 nia.-
744 2004 950 2071 reliqui
999 2022 1107 2057 non
1155 2006 1469 2059 audiuntur.
1559 2007 1700 2059 Eum
1746 2004 2067 2074 patriarcba
2116 2007 2410 2075 castigans,
2459 2023 2496 2055 a
2542 2003 2764 2055 iuniore

564 2095 623 2129 se
662 2084 931 2128 staturum
965 2079 1265 2144 profitetur.
1339 2080 1471 2132 Cum
1509 2079 1778 2147 episcopis
1815 2075 2022 2129 idcirco
2073 2076 2296 2129 liabetur
2340 2075 2434 2127 sub
2478 2073 2760 2126 custodiis.

564 2148 790 2219 'agnus
841 2145 1165 2201 domesticus
1220 2159 1271 2201 et
1318 2158 1685 2220 protostrator
1744 2147 1818 2200 ad
1873 2146 2259 2216 procedendum
2315 2147 2764 2213 Constantinopo-

566 2220 650 2271 lin
704 2226 945 2286 nepotem
1000 2222 1259 2272 incitant.-
1320 2223 1412 2273 cui
1477 2238 1624 2289 spem
1685 2220 1951 2287 reliquant
2009 2221 2163 2287 pacis
2214 2217 2534 2271 domesticus
2593 2217 2764 2285 eripit

570 2286 702 2358 (50).
782 2289 984 2359 Rbeyio
1028 2290 1341 2360 Byzantium
1376 2295 1483 2344 iter
1521 2289 1817 2344 intendunt.
1899 2291 2137 2358 Imperat
2175 2292 2228 2342 ei
2267 2308 2418 2355 avus,
2465 2289 2550 2341 uti
2597 2305 2653 2340 se
2696 2287 2764 2339 ab

566 2361 697 2415 urbe
738 2362 1053 2416 amoliatur.
1126 2364 1305 2415 Marci
1354 2363 1669 2416 Caballarii
1717 2363 2027 2415 convitium.
2094 2363 2388 2427 Memorat,
2435 2378 2536 2429 quo
2583 2358 2766 2426 officio

569 2437 629 2486 in
669 2448 824 2484 avum
860 2435 1051 2501 suerit,
1089 2437 1244 2489 cuius
1279 2438 1922 2505 pertinaciam-accusat.
2010 2432 2291 2503 Selybriae
2338 2449 2453 2486 rem
2498 2431 2768 2501 publicam

571 2503 808 2559 ordinat.
881 2506 1115 2559 Rursum
1165 2525 1329 2577 nepos
1367 2507 1802 2575 Didymotichum
1854 2505 2036 2558 rediit.
2113 2505 2454 2558 Andronicus
2494 2504 2767 2567 Tornices,

573 2586 625 2629 et
674 2577 897 2629 nannet
953 2578 1213 2632 Luscaris
1260 2581 1537 2649 pactionis
1587 2595 1707 2631 cum
1753 2580 1993 2646 satrapis
2047 2577 2370 2645 Scytharum
2423 2576 2659 2645 suspecti
2715 2581 2770 2625 et

573 2648 806 2701 ssiu-acia
862 2653 1043 2701 exacti
1095 2647 1238 2719 (51)‚·
1298 2669 1435 2720 quae
1481 2652 1873 2720 protostratori
1921 2666 2042 2701 cum
2086 2658 2247 2719 parte
2288 2650 2567 2716 copiarum
2615 2661 2769 2698 com-

570 2720 825 2772 mittitur.
905 2721 969 2773 1n
1003 2722 1375 2775 Macedoniam
1409 2724 1598 2776 iunior
1636 2730 1829 2773 contra
1870 2720 2046 2772 hostes
2094 2719 2227 2785 abit,
2265 2720 2458 2772 Pheris
2507 2735 2595 2771 eos
2631 2734 2769 2786 pro-

571 2799 745 2844 vocat.
822 2790 901 2843 Iis
953 2809 1011 2844 se
1062 2795 1461 2860 excusantibus,
1518 2810 1619 2863 quo
1668 2795 1845 2844 minus
1889 2790 2172 2860 postulata
2222 2799 2535 2861 praestent,
2584 2805 2771 2841 remo-

571 2871 729 2915 vetur
792 2862 918 2914 inde
980 2868 1252 2918 exercitus
1309 2864 1445 2934 (52).
1543 2864 1975 2917 Thessalonicam
2040 2872 2293 2916 vocatur.-
2365 2862 2496 2915 urbs
2568 2859 2771 2924 dedita,

571 2951 679 2987 aro.-
743 2946 1115 3004 oppuynatur‚
1176 2938 1269 2989 cui
1328 2938 1621 2989 Pherenses
1676 2945 1860 2989 eventu
1916 2935 2132 3002 infelici
2180 2933 2479 2987 subsidium
2532 2934 2772 2985 mittunt.

570 3007 898 3060 Hiraculum
958 3010 1137 3061 sancti
1182 3010 1451 3062 Demetrii
1498 3010 1760 3076 martyris
1811 3008 1872 3059 in
1917 3008 2263 3075 imperatore·
2367 3005 2489 3058 Aa·
2533 3001 2775 3057 traditur

573 3074 699 3144 (53).
792 3077 1173 3149 Deliberatur,
1224 3097 1324 3148 quo
1376 3080 1620 3133 eundum.
1708 3078 1973 3130 Probatur
2022 3077 2311 3130 consilium
2356 3078 2540 3146 magni
2585 3075 2773 3127 dome-

576 3151 720 3202 stici.
807 3150 1021 3203 Edessa
1079 3161 1132 3204 et
1193 3152 1467 3204 Berrhoea
1519 3170 1577 3204 se
1628 3149 1840 3203 dedunt.
1938 3149 2130 3218 1n9ens
2182 3147 2472 3200 occidentis
2521 3147 2772 3214 desectio.

575 3221 754 3273 Duces
806 3223 1044 3273 senioris
1103 3221 1177 3274 ad
1238 3219 1532 3275 Triballum
1577 3223 1874 3292 fugientes,
1926 3238 1962 3272 a
2010 3219 2267 3272 Pheraeis
2313 3219 2577 3272 militibus
2624 3216 2778 3285 capti

575 3290 647 3344 ad
690 3300 931 3358 nepotem
967 3292 1321 3346 adducuntur.
1409 3295 1545 3346 Cum
1587 3293 1847 3346 uxoribus
1897 3308 2080 3345 eorum
2126 3291 2349 3361 beniqne
2402 3293 2587 3362 ayitur
2637 3285 2776 3357 (54).

577 3361 799 3416 Deditio
853 3362 1142 3416 Castoriae
1192 3374 1245 3416 et
1290 3365 1563 3416 Acltridis.
1649 3363 2108 3416 Protooestiarius
2168 3380 2288 3415 cum
2341 3363 2507 3415 sociis
2558 3359 2777 3414 'Fu-ibal-

578 3436 687 3486 lum
737 3432 809 3484 ad
857 3452 1012 3486 arma
1067 3437 1128 3486 in
1173 3439 1555 3507 imperatorem
1600 3438 1868 3488 iuniorem
1922 3435 2209 3488 sollicitat.
2290 3433 2485 3487 Uaeoois
2538 3430 2779 3485 eiusdem

576 3508 989 3575 protovestiarii
1040 3507 1392 3560 mendacium.
1474 3508 1775 3560 Domestici
1826 3510 1887 3559 in
1935 3514 2236 3573 contemptu
2285 3507 2412 3558 auri
2459 3506 2780 3575 arqentique

579 3576 724 3646 apud
754 3580 1234 3646 protovestiarium
1271 3582 1478 3649 reperti
1518 3580 1763 3632 excelsus
1798 3581 2029 3633 animus.
2086 3579 2445 3646 Imperatoris
2482 3577 2779 3643 beneficen-

579 3651 678 3700 tia.
772 3648 1097 3710 Voluntaria
1146 3653 1443 3719 ayrestium
1496 3651 1832 3704 Albanorum
1885 3649 2108 3714 deditio,
2173 3648 2532 3701 Triballorum
2583 3663 2781 3717 proce-

576 3737 697 3771 rum
752 3721 812 3771 in
876 3719 1236 3790 dissuadendo
1266 3715 1435 3775 'bello
1500 3724 1764 3790 aequitas.
1875 3721 2007 3774 Viae
2068 3720 2142 3771 ad
2198 3722 2458 3789 fugitivos
2515 3717 2782 3771 iuvandos

579 3791 880 3860 complures
932 3789 1060 3860 (55).
1148 3795 1323 3847 Casus
1374 3794 1695 3847 eorumdem.
1778 3793 2098 3846 Strombitza
2153 3801 2205 3844 et
2257 3793 2553 3845 Melenicus
2588 3789 2786 3842 nolunt

580 3880 637 3916 se
687 3861 896 3916 dedere.
981 3864 1355 3918 Protostrator
1403 3865 1476 3919 ad
1520 3867 1737 3934 fluvium
1801 3866 2029 3934 Nigrum
2092 3866 2359 3915 seniorem
2413 3863 2616 3915 vincit:
2681 3877 2783 3913 nee

581 3935 822 3987 laetatur
877 3937 1141 3989 victoriae
1188 3940 1378 3990 nuntio
1435 3939 1642 3989 iunior.
1736 3935 1944 3989 Foedus
1993 3952 2111 3988 cum
2159 3936 2341 3987 Moeso
2391 3951 2556 3987 senez·
2609 3933 2782 4000 Ῐασίες

582 4004 655 4058 ad
692 4005 873 4058 urbem
922 4010 1107 4060 iunior
1163 4008 1391 4073 accedit,
1441 4023 1628 4078 pacem
1671 4012 1870 4062 iterum
1917 4009 2216 4076 iterumque
2262 4007 2417 4076 petit.
2493 4004 2617 4057 Duo
2654 4003 2782 4072 ple-

582 4077 691 4129 beii
731 4077 1240 4148 Constantinopolin
1283 4080 1516 4150 produnt
1559 4077 1690 4148 (56).
1769 4079 2029 4132 Pulcrum
2081 4077 2379 4147 exemplum
2430 4077 2785 4130 Christianae

581 4150 1011 4203 mansuetudinis
1048 4151 1389 4205 Andronicus
1426 4156 1623 4204 minor·
1696 4150 2074 4204 Proditoribus
2110 4152 2410 4219 praemium
2464 4149 2786 4215 condignum

580 4223 938 4292 promittitur.
1014 4223 1228 4277 Moesus
1265 4223 1337 4277 ad
1371 4225 1604 4290 confinia
1646 4224 1833 4291 copias
1870 4220 2105 4274 adducit.
2201 4221 2376 4290 Nepos
2414 4221 2568 4276 abire
2604 4218 2785 4286 Loqos

584 4293 842 4347 decernit.
933 4295 1233 4360 Quaeritur
1283 4314 1382 4349 cur
1438 4297 1552 4348 tria
1601 4294 1785 4347 millia
1837 4294 2073 4361 equitum
2126 4311 2163 4346 a
2210 4294 2411 4346 Moesis
2461 4291 2786 4361 Byzantium

583 4366 770 4419 missa.
858 4366 1004 4421 Aous
1052 4369 1399 4422 monitionem
1430 4366 1496 4420 de
1539 4366 1786 4436 periculo
1837 4365 2124 4434 vilipendit
2172 4361 2310 4433 (57).
2404 4365 2786 4431 Interrogatur
2870 4413 2880 4422 ,
