2982 4913
559 279 776 346 XXXII
1408 281 1460 343 1.
1525 277 1880 345 PONTANJ

559 437 840 522 parebas.
926 434 1131 519 Atque
1156 434 1273 498 hoc
1301 436 1548 520 quidem
1573 437 1890 520 proprium
1914 443 2008 498 est
2030 436 2232 521 magni
2260 432 2599 522 logothetae
2625 438 2730 502 mi·

557 522 893 583 nisterium.
979 519 1161 598 Quod
1189 531 1389 582 autem
1417 519 1495 581 ad
1520 543 1652 582 rem
1677 521 2063 581 domesticam
2085 564 2104 598 ,
2134 523 2321 602 ipsius
2350 533 2440 583 est
2468 519 2727 600 efficere,

558 603 725 688 quod
765 606 1091 685 imperator
1131 604 1529 665 mandaverit.
1614 602 1870 666 Addunt
1897 602 1999 663 alii
2026 624 2152 663 esse
2179 606 2357 665 etiam
2387 603 2731 666 libellorum

557 688 936 773 magistrum,
965 685 1193 746 archivi
1224 685 1617 769 praefectum,
1662 696 1767 746 aut
1800 685 1919 747 tale
1950 688 2283 769 quippiam.
2369 682 2732 768 Λογοθέτης

559 773 872 851 exponitur
916 789 952 829 a
995 769 1355 852 quibusdam
1394 772 1675 852 magister
1716 773 2018 829 rationum
2034 813 2053 846 ,
2096 772 2201 851 qui
2233 790 2515 851 expensas
2548 781 2607 830 et
2647 791 2734 831 re-

559 850 722 914 ditus
778 862 1090 935 computat
1115 895 1133 931 ,
1178 874 1542 914 oeconomus
1596 855 1726 915 sive
1781 862 2137 934 procurator
2156 895 2178 933 ,
2235 852 2401 936 quod
2445 874 2732 936 magnum

558 947 687 998 erat
714 932 979 1000 officium
1019 943 1079 997 et
1111 929 1447 1018 politicum.

538 1082 543 1087 ,
722 1018 1082 1101 Λογοθέτης
1110 1019 1229 1080 τοῦ
1253 1017 1725 1103 στρατιωτικοῦ,
1767 1016 2112 1099 logotheta
2145 1017 2512 1091 castrensis,
2538 1016 2731 1081 Zala-

562 1103 849 1175 maister,
887 1103 1435 1186 Psennigmaister,
1479 1096 1710 1165 Gallice
1743 1099 2117 1163 Thresorier
2144 1100 2232 1161 du
2256 1122 2459 1186 camp.

724 1183 1195 1267 Καβαλλάριος,
1241 1186 1654 1248 Caballarius.
1737 1178 2052 1262 Καβαλλά
2097 1204 2190 1244 ιον
2232 1194 2566 1265 equestrem
2612 1186 2736 1246 im-

557 1271 849 1352 peratoris
882 1272 1231 1330 comitatum
1262 1271 1534 1330 nominat
1559 1267 1940 1352 Curopalata.
2084 1288 2118 1327 x
2147 1265 2354 1327 Italico
2378 1266 2559 1328 ducta
2586 1289 2733 1350 vox,

643 1373 714 1414 ae
741 1354 871 1434 ipsa
898 1372 936 1413 a
970 1354 1186 1412 Latina
1222 1373 1373 1414 voce
1400 1354 1687 1416 manavit.
1792 1351 1989 1414 Huius
2026 1367 2170 1433 ergo
2208 1349 2524 1413 comitatus
2553 1372 2737 1434 prae-

557 1375 749 1497 {uetus
793 1434 1162 1496 caballarius
1191 1434 1311 1497 dici
1348 1435 1612 1498 videtur.

722 1517 949 1598 Μέγας
975 1512 1258 1590 παππίας
1275 1560 1295 1597 ,
1337 1519 1606 1599 Magnus
1643 1518 1920 1604 Pappia-v
1936 1562 1958 1597 ,
2038 1516 2104 1579 id
2143 1528 2233 1579 est
2253 1561 2272 1595 ‚
2316 1537 2568 1602 magnus
2617 1538 2736 1600 pa-

558 1600 846 1679 terculus»,
888 1622 1157 1662 summus
1192 1599 1295 1662 ille
1316 1600 1521 1680 iudex,
1560 1602 1639 1663 ad
1677 1622 1858 1684 quem
1888 1604 2449 1663 commentarienses
2481 1600 2560 1662 de
2605 1620 2739 1682 per·

558 1687 722 1747 sonis
766 1704 1008 1745 reorum
1046 1695 1107 1745 et
1132 1690 1411 1764 numero,
1447 1682 1525 1745 de
1556 1684 1842 1768 qualitate
1865 1683 2245 1765 delictorum,
2287 1682 2363 1745 de
2391 1683 2740 1746 clausorum

558 1767 873 1830 ordinibus
912 1765 1133 1829 referre
1187 1766 1432 1828 debent.
1533 1766 1606 1831 ln
1639 1768 1796 1830 hanc
1854 1769 2209 1829 sententiam
2240 1768 2468 1850 accipio
2509 1788 2740 1829 nomen
2818 1764 2846 1781 ⁸

556 1850 786 1933 Papiae
819 1850 982 1934 apud
1000 1851 1325 1929 Zonaram,
1343 1850 1451 1910 ubi
1486 1849 1566 1911 de
1599 1871 1673 1912 eo
1705 1851 1927 1932 agitur,
1968 1851 2074 1932 qui
2110 1847 2391 1911 Michaeli
2419 1849 2608 1911 Balbo
2634 1849 2739 1912 ad-

558 1934 722 1995 iutor
752 1933 891 2013 fuit,
932 1942 1005 1994 ut
1036 1935 1304 1994 Leonem
1341 1931 1682 1996 Armenum
1728 1953 1764 1994 e
1801 1932 2002 1995 medio
2066 1931 2303 1995 tolleret
2361 1934 2741 2019 imperioque

640 2019 879 2078 uretur-

558 2038 641 2100 ΡΟ
722 2097 955 2178 Μέγας
994 2088 1548 2179 στρατοπεδάρχης
1572 2143 1591 2177 ,
1632 2098 1907 2180 Magnus
1951 2100 2307 2163 cdstromm
2350 2095 2742 2183 praefectus.

561 2180 676 2245 Est
719 2192 961 2242 curator
1002 2201 1210 2241 earum
1245 2201 1474 2260 rerum,
1516 2201 1673 2264 quae
1709 2184 1989 2245 exercitui
2041 2193 2185 2244 sunt
2235 2202 2413 2264 opus,
2455 2180 2744 2243 videlicet

562 2264 1010 2344 alimentorum,
1047 2266 1582 2324 instrumentorum
1621 2275 1684 2325 et
1708 2267 2176 2327 necessariorum
2205 2267 2476 2326 omnium
2495 2308 2516 2342 ,
2569 2264 2746 2326 Pro-

563 2347 1037 2410 viandmaister.
1093 2346 1433 2428 Exponitur
1462 2349 1668 2425 etiam,
1707 2351 1986 2431 princeps
2017 2349 2329 2428 exereituS,
2358 2356 2430 2407 ut
2462 2347 2539 2408 sit
2574 2346 2747 2409 idem

563 2430 730 2515 quod
767 2424 1229 2515 στρατιάρχηςε
1273 2450 1417 2493 nam
1465 2426 1881 2515 στρατόπεδον
1932 2429 2256 2515 aliquando
2298 2450 2413 2514 pro
2464 2424 2742 2515 στρατὸς

645 2517 831 2576 nitur.

563 2535 646 2600 1³0
726 2592 1275 2681 Πρωταλογάτωρ,
1321 2593 1613 2659 Summus
1649 2595 1922 2680 equitum
1949 2594 2333 2681 praefectus.
2376 2596 2546 2659 Voce
2572 2596 2744 2659 enim

564 2667 790 2763 ἔλὸγον
862 2681 1078 2742 Graeci
1127 2680 1486 2742 recentiores
1542 2700 1766 2764 equum
1824 2690 1928 2741 aut
1970 2680 2308 2742 iumentum
2362 2680 2698 2762 significant
2714 2724 2744 2760 ,

563 2763 720 2826 facta
762 2784 833 2826 ex
867 2759 1135 2842 «Homo,
1178 2784 1216 2823 a
1262 2761 1453 2825 verbo
1486 2763 1669 2826 halac
1693 2806 1713 2841 ,
1756 2761 1921 2846 quod
1968 2761 2359 2823 orientalibus
2390 2774 2519 2823 erat
2536 2806 2556 2839 ‚
2602 2766 2697 2825 ire
2718 2786 2750 2823 .-

563 2849 708 2931 quia
742 2848 1032 2908 maximus
1063 2854 1123 2906 et
1154 2847 1512 2929 praecipuus
1539 2847 1944 2906 iumentorum
1972 2865 2117 2907 usus
2147 2845 2224 2906 ad
2253 2844 2751 2907 commoditatem

563 2931 871 2992 itinerum.
976 2929 1214 2990 Turcae
1256 2931 1437 2990 etiam
1484 2927 1666 2990 hodie
1704 2929 1985 2989 nuntium
2039 2949 2145 2989 seu
2204 2930 2498 2990 viatorem
2542 2928 2750 3012 appel-

563 3011 693 3075 lant
729 3014 934 3079 Iudae.
1015 3012 1111 3074 Ex
1141 3007 1371 3074 α’λόκου
1402 3014 1586 3095 igitur
1621 3001 1868 3091 ἄλογον,
1910 3009 1974 3071 id
2011 3022 2123 3088 est,
2162 3010 2435 3091 brutum,
2477 3014 2616 3073 κατ’
2637 3010 2747 3087 ἐξ·-

564 3092 725 3177 οχῆν
761 3100 1098 3159 iumentum
1142 3106 1249 3155 aut
1280 3115 1509 3178 equus,
1552 3104 1624 3155 ut
1656 3094 1790 3154 Itali
1819 3093 2053 3172 dicunt,
2094 3092 2159 3153 Ia
2198 3094 2397 3156 bestia
2427 3096 2584 3174 mia,
2624 3114 2748 3176 pro

564 3200 758 3261 equus
794 3201 987 3241 meus.
1068 3177 1164 3238 Ex
1212 3167 1442 3257 ἀλόγου
1478 3176 1546 3236 fit
1594 3170 1842 3255 α’λόγιον
1861 3219 1882 3253 ,
1942 3178 2239 3259 equitatus
2284 3198 2391 3239 seu
2441 3199 2746 3259 equorum

564 3262 915 3344 equitumve
940 3279 1247 3322 numerus.
1331 3257 1681 3322 Praefectus
1713 3248 2055 3344 ἅλογᾶτωρε
2093 3278 2364 3322 summus
2400 3260 2746 3344 praefectus

564 3341 1091 3428 πρωταλογάτωρ.
1818 3411 1822 3415 ,

732 3421 1264 3506 Σεβαστοκράτωρ
1287 3467 1308 3505 ,
1366 3422 1975 3506 Augustimperator.
2085 3422 2293 3487 Tertia
2347 3421 2606 3510 dignitas
2663 3425 2752 3489 ab

565 3514 651 3575 im
728 3520 952 3592 ratore,
995 3509 1349 3569 Caesariana
1381 3510 1800 3589 praestantior.
1863 3510 2029 3570 Dum
2064 3509 2389 3592 imperator
2419 3505 2748 3591 βασιλεὺς,

566 3616 639 3660 σε
684 3586 870 3665 αστός
881 3638 903 3672 ,
948 3590 1208 3671 Καῖσαρ
1243 3589 1437 3652 dictus
1473 3600 1586 3669 est,
1628 3609 1752 3652 uno
1791 3592 2121 3673 eodemque
2147 3613 2354 3653 omnes
2382 3592 2496 3653 hos
2532 3592 2748 3655 titulos

567 3679 878 3742 obtinente
892 3719 911 3754 ,
972 3673 1288 3756 dignitates
1332 3671 1542 3736 officiis
1603 3693 1675 3736 ac
1734 3695 1859 3735 non
1924 3675 2115 3737 titulis
2176 3678 2519 3737 aestimatae
2574 3686 2748 3738 sunt.

566 3763 790 3824 Postea
825 3778 972 3819 vero
1026 3759 1415 3840 imperatores
1461 3756 1735 3818 luserunt
1786 3756 2002 3837 titulis,
2040 3769 2101 3819 et
2127 3756 2461 3819 ⁴honoraria
2496 3756 2749 3840 dignita·

565 3856 700 3906 tum
723 3844 971 3903 nomina
1004 3843 1134 3902 sine
1167 3835 1379 3901 officiis
1410 3841 1698 3924 impertiti
1735 3851 1876 3902 sunt
1901 3841 2192 3902 arbitratu
2228 3861 2363 3918 sue,
2389 3851 2460 3900 ut
2484 3839 2751 3923 Curopa-

567 3926 690 3989 lata
733 3925 828 3986 his
886 3924 1089 3986 verbis
1135 3921 1445 3986 declarate
1534 3924 1800 4006 Despota
1822 3968 1841 4000 ,
1880 3923 2327 3985 Sebastocrator
2345 3967 2364 4002 ,
2409 3924 2629 3984 Caesar
2667 3923 2750 3984 ad

567 4010 806 4073 nullum
838 4009 1236 4069 ministerium
1269 4015 1574 4083 tenentur,
1617 4009 1731 4067 nisi
1762 4006 1842 4066 ad
1882 4027 2186 4067 summum
2240 4005 2503 4089 aliquem
2532 4008 2750 4089 princi-

569 4106 779 4177 patum
805 4093 1215 4170 instituantur,
1245 4100 1394 4171 puta
1428 4100 1535 4150 aut
1563 4088 1824 4172 regendo
1845 4091 2120 4171 imper-in,
2151 4100 2256 4150 aut
2270 4089 2532 4172 gerendo
2557 4087 2747 4150 bello:

569 4181 741 4242 cuius
756 4177 844 4241 rei
860 4172 1131 4260 exempla
1151 4184 1290 4238 sunt
1305 4171 1467 4259 apud
1482 4172 1893 4259 Nicephorum
1910 4175 2239 4261 Gregoram
2258 4194 2441 4257 quam
2466 4169 2750 4257 plurima.
