2982 4913
525 324 635 385 111
1375 316 1425 375 1.
1483 309 1837 378 PONTAM

523 490 661 554 cula
685 533 705 570 ,
762 496 1008 571 propter
1047 483 1389 546 facilitatem
1429 480 1735 565 quandam
1776 481 1902 544 eius
1936 481 2000 541 in
2039 480 2356 545 scribendo
2389 497 2682 569 opportu-

522 593 661 654 nius
702 589 964 649 nancisci
1010 586 1359 668 potuissem.
1829 652 1836 660 ,

684 686 784 749 Sic
823 687 1070 747 omnino
1110 694 1238 760 est,
1300 692 1371 743 ut
1399 681 1561 759 dixi,
1626 683 1690 742 in
1724 679 2012 741 loannem
2055 681 2538 744 Cantacuzenum
2587 685 2685 746 in-

523 786 645 853 cidi
662 808 682 848 ε
737 790 842 868 qui
880 784 1124 866 quidem
1164 802 1286 865 quo
1325 779 1699 844 commodius
1740 778 1921 842 huius
1965 778 2107 843 libri
2148 783 2242 842 sui
2281 785 2681 863 occasionem,

523 906 879 966 caussasque
925 882 1166 944 afferret
1187 925 1206 959 ,
1285 891 1347 943 et
1386 900 1707 962 personam
1757 900 1930 940 suam
1976 878 2198 942 celaret
2249 881 2434 963 (quod
2482 894 2686 945 tamen

521 984 688 1048 haud
727 987 870 1044 satis
914 992 1089 1043 caute
1128 981 1268 1041 fecit
1285 1024 1307 1059 ‚
1356 989 1427 1040 ut
1467 1000 1608 1040 mox
1645 978 1892 1059 docebo)
1933 979 2103 1060 fingit
2146 1002 2184 1040 a
2229 980 2492 1062 quodam
2537 982 2682 1044 Nilo

520 1082 805 1146 familiari
838 1104 902 1142 se
941 1080 1021 1142 ad
1067 1082 1453 1163 scriptionem
1496 1098 1606 1161 per
1648 1077 1877 1139 litteras
1909 1076 2214 1139 sollicitani
2236 1102 2255 1141 ε
2313 1102 2384 1142 ac
2416 1081 2530 1142 sibi
2569 1104 2682 1144 vo-

521 1181 808 1244 cabulum
859 1179 1229 1242 Christoduli
1277 1179 1559 1260 imponit.
1663 1177 1957 1239 Idoneum
2002 1177 2271 1259 profecto
2290 1224 2309 1257 ‚
2385 1200 2601 1263 nempe
2644 1203 2684 1242 a

523 1292 687 1342 statu
759 1292 820 1342 et
865 1280 1219 1369 conditione
1270 1279 1430 1340 vitae
1448 1323 1467 1357 ‚
1523 1298 1707 1359 quam
1735 1276 1884 1337 haec
1917 1267 2184 1338 scribens
2216 1279 2432 1361 agebat
2458 1302 2477 1341 ε
2541 1302 2682 1364 age-

518 1378 631 1442 bat
656 1391 859 1441 autem
890 1381 1324 1444 monasticam:
1383 1389 1445 1439 et
1477 1377 1736 1438 Christo
1778 1379 2044 1439 serviens
2064 1422 2083 1457 ‚
2136 1380 2352 1439 merito
2383 1380 2512 1441 eius
2552 1401 2682 1441 ser·

519 1497 671 1541 vum
707 1499 773 1541 se
807 1477 1154 1560 appellavit.
1217 1476 1542 1539 Occultare
1568 1497 1778 1559 porro,
1824 1487 1885 1537 et
1922 1487 2124 1559 tegere
2156 1496 2470 1559 personam
2508 1499 2681 1539 suam

518 1575 658 1640 ideo
702 1576 896 1640 voluit
915 1622 935 1655 ‚
1004 1578 1189 1660 idque
1238 1576 1570 1658 prudenter
1587 1620 1608 1654 ‚
1679 1574 1846 1658 quod
1892 1575 1970 1636 de
2023 1574 2203 1637 rebus
2250 1597 2390 1639 cum
2444 1576 2681 1656 alieniS‚

515 1685 651 1737 tum
685 1678 808 1737 suis
847 1676 1161 1737 historiam
1190 1677 1633 1757 compositurus
1676 1684 1805 1735 erat
1823 1717 1845 1751 ‚
1901 1684 1963 1734 et
1999 1684 2355 1736 narraturus
2391 1675 2682 1757 plurima,

518 1774 741 1856 quibus
775 1774 1089 1837 audiendis
1118 1796 1294 1835 aures
1328 1773 1693 1856 quibusdam
1730 1770 2003 1833 dolerent
2024 1816 2044 1849 ‚
2093 1784 2164 1833 ut
2193 1784 2370 1834 antea
2405 1774 2682 1837 videndis

515 1874 676 1937 oculi
714 1875 1051 1937 doluerant.
1134 1876 1249 1937 Est
1291 1897 1441 1937 vero
1470 1887 1597 1936 tam
1632 1873 1978 1954 infrequens
2004 1874 2248 1936 Graecis
2280 1873 2397 1937 hoe
2430 1895 2679 1955 nomen,

517 1974 939 2039 Chris-todulus
961 2019 981 2054 ‚
1023 1985 1093 2035 ut
1128 1974 1228 2036 vel
1267 1974 1410 2035 hinc
1453 1976 1570 2034 isto
1611 1971 1744 2034 loco
1787 1973 2064 2035 fictitium
2106 1994 2176 2033 ac
2232 1976 2682 2056 supposititium

516 2084 826 2154 appareat.
920 2072 1195 2157 Cumque
1237 2094 1347 2155 per
1387 2073 1453 2135 id
1500 2084 1738 2155 tempus
1781 2075 1845 2133 in
1896 2077 2258 2134 monasterio
2299 2095 2412 2155 pro
2454 2075 2681 2135 Ioanne

519 2172 702 2231 etiam
759 2172 1088 2255 Ioasaphus
1127 2184 1360 2235 mutato
1412 2176 1659 2234 nomine
1723 2172 2026 2234 diceretur
2047 2215 2067 2252 ,
2142 2174 2297 2234 sicut
2344 2194 2468 2233 non
2518 2175 2679 2234 anti-

516 2289 711 2350 quum
765 2281 827 2330 et
865 2274 1181 2353 proprium
1198 2316 1218 2353 ‚
1293 2274 1378 2334 ita
1419 2293 1533 2334 nec
1585 2293 1814 2333 novum
1881 2275 2035 2333 istuc
2092 2282 2154 2333 et
2207 2275 2677 2355 assumptiu'um,

515 2365 852 2450 Ioasaphus
899 2371 1145 2452 inquam
1170 2416 1190 2451 ‚
1264 2371 1343 2433 ad
1388 2370 1532 2433 libri
1587 2382 1895 2434 auctorem
1949 2371 2336 2437 indicandum
2385 2394 2682 2456 usurpare

516 2465 756 2544 decuit:
821 2492 898 2532 ne
944 2472 1274 2535 monachus
1322 2475 1565 2535 inanem
1615 2478 1902 2556 aucupari
1950 2474 2204 2558 gloriam
2230 2517 2249 2553 ,
2320 2484 2381 2535 et
2406 2476 2511 2556 qui
2543 2475 2678 2536 Deo

514 2565 843 2630 militatum
893 2583 1139 2633 vfflerat
1161 2616 1180 2650 ‚
1238 2574 1459 2634 iterum
1503 2594 1568 2634 se
1613 2576 1867 2655 negotiis
1919 2573 2230 2656 implicare
2273 2573 2679 2635 saecularibus

515 2665 852 2730 videretur.
955 2670 1160 2754 Atque
1196 2673 1282 2733 ita
1330 2672 1517 2734 codex
1571 2674 1839 2738 Graecus
1882 2663 2307 2757 ἅνεπίγραφοζ·
2348 2685 2439 2735 est
2456 2718 2475 2752 ‚
2548 2675 2681 2735 sine

514 2763 695 2826 titulo
744 2789 1013 2849 prorsus.
1110 2771 1346 2834 Deinde
1392 2792 1461 2832 ex
1516 2773 1648 2853 ipsa
1703 2770 1827 2833 Nili
1890 2772 2140 2853 epistola
2194 2773 2680 2834 Cantacuzenum

516 2861 701 2926 huius
732 2865 1017 2929 historiae
1052 2883 1360 2952 parentem
1386 2915 1404 2948 ,
1461 2881 1524 2936 et
1568 2871 1944 2932 conditorem
1985 2892 2111 2932 esse
2152 2874 2538 2955 perspicuum
2581 2872 2676 2934 fit.

519 2960 636 3023 Illa
686 2968 847 3026 enim
896 2969 1083 3032 verba
1104 3015 1123 3049 ‚
1198 2964 1309 3031 καὶ
1350 2960 1446 3030 ὅτε
1488 2963 1609 3053 γὰρ
1675 2962 1758 3030 τὰ
1805 2963 1998 3032 κοινοὶ.
2019 2969 2313 3043 διετέλεις
2363 2966 2675 3055 πράττων,

515 3062 795 3146 σωτηρία
830 3070 961 3138 τοῖς
996 3063 1353 3149 πράγμασιν
1377 3057 1580 3150 ἦσθα·
1617 3063 1730 3130 καὶ
1759 3067 1872 3130 νῦν
1902 3068 2140 3130 σαυτοῦ
2176 3062 2475 3147 γεγονώς,
2518 3064 2679 3149 ἄλη·-

516 3158 699 3231 θείας
774 3163 886 3223 καί
945 3161 1345 3247 δικαιοσύνης
1388 3164 1791 3248 παράδειγμα
1822 3161 1931 3227 τὸν
1966 3162 2106 3246 βίον
2138 3165 2521 3249 κατέστησας
2563 3161 2679 3231 τὸν

513 3258 774 3320 σαυτοῦ.
874 3260 938 3324 T
930 3284 971 3322 u
1017 3266 1183 3325 enim
1222 3278 1285 3325 et
1322 3264 1625 3348 quamdiu
1664 3267 1910 3347 gessisti
1950 3267 2434 3351 rempublt‘cam,
2504 3269 2677 3331 salus

513 3357 772 3442 imperii
794 3356 1024 3442 fuisti.-
1091 3376 1151 3423 et
1201 3363 1393 3427 hodie
1408 3409 1435 3439 ,
1488 3378 1821 3450 postquam
1869 3365 2205 3448 defunctus
2241 3368 2479 3430 honore
2492 3412 2522 3442 ,
2581 3370 2676 3430 tui

514 3455 719 3539 ipsius
775 3480 905 3521 esse
963 3462 1329 3542 instituisti,
1398 3467 1601 3527 vitam
1652 3486 1975 3549 mor-esque
2022 3480 2161 3531 tuos
2212 3470 2534 3548 veritatis,
2597 3488 2675 3530 ac

514 3555 793 3618 iustitiae
842 3564 1169 3647 exemplar
1207 3563 1504 3647 effecisti.
1602 3565 1719 3628 hae
1744 3611 1764 3644 ,
1834 3569 2080 3649 inquam
2102 3613 2123 3646 ,
2182 3585 2362 3630 voees
2411 3590 2536 3630 non
2592 3567 2674 3630 ad

516 3652 785 3717 Iudicem
806 3701 825 3735 ,
896 3660 1217 3724 Consulem
1230 3708 1249 3743 ‚
1318 3664 1700 3728 Praefectum
1735 3665 1996 3749 aliquem
2017 3712 2038 3746 ,
2106 3668 2214 3728 sed
2260 3667 2339 3730 ad
2386 3689 2675 3749 magnum

514 3751 907 3820 domesticum
954 3761 1243 3824 Ioannem
1272 3763 1752 3827 Cantacuzenum
1773 3810 1793 3846 ‚
1865 3768 2036 3830 cuius
2083 3777 2223 3849 post
2251 3765 2674 3830 Andronicum

513 3854 809 3918 minorem
827 3904 846 3937 ‚
902 3863 1193 3944 quamdiu
1233 3866 1285 3924 is
1315 3867 1463 3926 vixit
1482 3910 1504 3944 ‚
1546 3886 1825 3948 suprema
1865 3864 1980 3927 suit
2012 3878 2274 3949 potestas
2293 3910 2314 3946 ‚
2373 3877 2435 3929 et
2477 3868 2671 3947 impe-

512 3957 773 4018 ratoriae
812 3961 1083 4040 proxima
1120 3964 1185 4024 in
1226 3964 1507 4025 omnibus
1526 4009 1546 4045 ‚
1600 3976 1661 4026 et
1693 3964 1856 4048 apud
1891 3987 2098 4028 omnes
2137 3968 2495 4030 auctoritas:
2545 3967 2673 4029 imo

513 4072 661 4113 vero
703 4056 781 4117 ad
820 4061 1016 4141 ipsum
1051 4082 1270 4134 munus
1315 4066 1766 4147 imperatorium
1787 4111 1807 4145 ,
1864 4067 2031 4148 quod
2061 4066 2221 4128 idem
2257 4066 2410 4127 citra
2451 4087 2672 4130 nomen

517 4151 623 4214 diu
644 4197 663 4234 ‚
721 4159 1104 4237 postmodum
1151 4174 1210 4227 et
1252 4185 1320 4226 re
1358 4175 1428 4227 et
1460 4168 1704 4230 nomine
1761 4164 1965 4236 multis
2002 4168 2172 4233 annis
2204 4163 2667 4244 administravit,
