2982 4913
493 225 547 312 8
816 204 825 213 ⁶
1293 253 1868 322 CANTAcqum

658 322 675 347 Χ

495 438 625 501 ρος·
672 412 732 480 οἶ
771 418 892 499 μὲν
928 415 1037 482 τὸν
1083 418 1364 500 πάππον,
1411 417 1469 483 οἶ
1516 418 1587 483 δὲ
1624 416 1732 499 τόν
1768 417 2071 504 νεώτερον
2095 418 2328 496 αἰτίαις
2349 416 2691 500 ἐνέχεσθαι

494 515 735 601 ἠξίουν.
816 517 940 600 ἐγώ
988 519 1057 582 δὲ
1102 517 1347 582 ἀκούων
1387 518 1662 604 ἐπλήγην
1699 523 1831 595 τοῖς
1872 518 2099 603 λόγοις,
2148 517 2478 609 ῥᾳθυμίαν
2504 541 2691 583 κατε-

437 616 751 701 Ογνωκώς
790 620 916 682 τῶν
965 618 1233 704 ἀνδρῶν,
1275 618 1339 683 οἳ
1379 620 2012 706 παρηκολουθηκότες
2052 629 2181 698 τοῖς
2226 620 2594 705 πράγμασιν
2627 622 2693 698 ἐξ

503 716 741 804 ἆρκῆςχ
782 716 856 780 οὗ
897 717 1230 783 κατέλιπον
1266 720 1359 807 τῷ
1399 720 1521 807 βίῳ
1564 717 1677 803 τὴν
1712 723 1837 785 τοῖν
1878 706 2340 807 πεπραγμένων
2385 721 2695 804 διήγησιν.

505 819 640 881 ἀλλ’
679 819 811 884 ἔστι
839 820 950 884 καί
983 819 1134 904 περὶ
1156 820 1411 885 ἐκείνων
1436 824 1634 885 διπλᾶ
1657 822 2047 906 λογίζεσθαι,
2090 821 2387 905 καθάπερ
2413 821 2525 885 καί
2549 818 2736 903 περίὅ

364 929 419 983 P.
449 923 628 985 2τῶν
672 917 1020 986 Εὐκλείδου
1070 922 1331 1007 φασίν.·
1379 918 1543 985 ἀλλὰ
1588 919 1667 986 σύ
1711 924 1953 999 δίκαιος
2002 917 2079 985 ἂν
2120 918 2253 1005 εἴης
2275 919 2700 984 ἀπαλλάττειν

500 1021 892 1108 πραγμάτων
932 1020 1120 1106 ἡμᾶς,
1159 1022 1241 1085 τά
1280 1018 1347 1086 τε
1389 1022 1497 1086 ἐπὶ
1533 1025 1663 1085 τῶν
1701 1021 2021 1104 βασιλέων
2048 1022 2130 1085 τά
2158 1043 2226 1084 τε
2254 1022 2357 1107 ἐφ’
2387 1019 2568 1105 ἡμῶν
2593 1043 2699 1104 γε-

497 1122 725 1208 γονότα
771 1123 1054 1199 διδάξας·
1139 1122 1210 1187 τό
1256 1126 1314 1187 δ’
1366 1119 1442 1187 ἂν
1483 1122 1758 1207 γένοιτο,
1819 1123 2250 1208 ἐπιτομωτάτῃ
2291 1108 2702 1207 χρησάμενος

502 1219 638 1308 ὁδῷ
658 1245 782 1286 τινι
820 1224 1216 1307 συγγραφῆς»
1269 1226 1350 1287 δι’
1392 1214 1466 1307 ἧς
1507 1224 1707 1310 μόνης
1752 1222 1956 1303 ἔξεστι
1997 1223 2272 1307 τάληθὲς
2318 1219 2548 1309 εὖρεΐν.
2590 1221 2706 1286 καί

501 1318 607 1386 ὅτε
648 1326 769 1409 γὰρ
814 1321 895 1387 τὰ
932 1321 1110 1387 κοινὰ
1157 1322 1451 1400 διετέλεις
1493 1326 1805 1409 πράττων,
1848 1324 2132 1411 σωτηρία
2163 1330 2291 1399 τοῖς
2335 1321 2784 1408 πράγμασινῙΟ
2939 1304 2944 1371 Ῑ

500 1417 701 1508 ἦσθα·
746 1422 859 1487 καί
882 1426 992 1488 νῖν
1014 1427 1255 1489 σαυτοῦ
1274 1422 1562 1508 γεγονώς,
1588 1424 1896 1510 ἀληθείας
1918 1424 2030 1489 καί
2061 1423 2462 1505 δικαιοσύνης
2487 1419 2704 1508 παρά-
2945 1396 2948 1439 ’γ

444 1527 737 1608 Βδειγμα
779 1524 888 1589 τὸν
931 1526 1073 1606 βίον
1112 1524 1504 1608 κατέστησας
1540 1524 1650 1590 τὸν
1693 1527 1952 1590 σαυτοῦ.
2000 1522 2086 1602 ὥς
2124 1519 2244 1606 μὲν
2289 1518 2400 1587 οὖν
2438 1525 2563 1587 τῶν
2599 1545 2708 1607 γε-

502 1626 777 1711 γονότων
818 1625 930 1690 καί
969 1624 1379 1708 νομιζόμενος
1414 1625 1526 1691 καί
1553 1622 1642 1691 α’)’ν
1669 1624 2039 1711 αὐτουργὸς,
2090 1625 2201 1689 οὐκ
2234 1624 2559 1709 ἀγνοήσεις
2593 1622 2709 1708 δή-

505 1749 632 1789 που
675 1730 754 1806 τᾲ
802 1729 902 1797 σά·
947 1724 1033 1805 ὥς
1083 1727 1152 1790 δὲ
1192 1716 1403 1811 μηδὲν
1429 1729 1541 1810 τῆς
1569 1726 1876 1811 ἀληθείας
1907 1726 2014 1791 διὰ
2034 1728 2180 1815 βίου
2213 1724 2522 1810 πρότερον
2549 1721 2709 1810 ἡγη-

508 1829 800 1910 σάμενος,
843 1828 1119 1912 τάληθὲς
1158 1829 1342 1913 ἐρεῖς·
1386 1828 1473 1903 ὡς
1519 1828 1588 1892 δὲ
1631 1825 1962 1917 ῥᾳθυμίαν
2004 1826 2297 1910 ἐξορίσας
2338 1825 2793 1889 παντάπασι15

505 1933 620 2012 τῆς
662 1932 903 2012 ψυχῆς,
948 1926 1023 1991 οὖ
1064 1930 1251 2014 λογιῇ
1290 1926 1399 1992 τὸν
1441 1927 1549 1991 ἐπὶ
1587 1930 1682 2012 τῷ
1725 1928 2052 2011 πράγματι
2094 1927 2303 1991 πόνον.
2336 1924 2470 1991 ἔστι
2502 1925 2718 1990 δὲκαὶ

448 2031 604 2106 Οεῖς
655 2029 1067 2113 παράδειγμα
1109 2026 1222 2111 τὴν
1264 2026 1577 2112 ἡμετέραν
1621 2026 1889 2092 ἱκετείαν
1935 2026 2303 2112 ἀνενεγκεῖν.
2358 2024 2434 2092 ἄν
2475 2049 2541 2090 τε
2586 2024 2713 2112 γὰρ

509 2127 657 2205 τούς
689 2127 950 2206 ἔξωθεν,
999 2124 1074 2192 ἂν
1096 2150 1165 2191 τε
1195 2127 1339 2203 τούς
1362 2126 1711 2213 ἡμετέρους
1729 2125 2044 2212 ἡγεμόνας
2071 2128 2468 2213 ἕνθυμηθῇς,
2515 2122 2714 2189 οὖδα-

507 2232 648 2312 μοῖς
696 2229 1025 2311 ἀτιμάσεις
1064 2227 1178 2312 τὴν
1221 2228 1531 2315 ἱστορίαν.
1613 2229 1725 2296 καί
1768 2221 1941 2295 οὗτοι
1981 2227 2107 2314 γὰρ
2167 2228 2446 2292 κάκεῖνοι
2489 2224 2598 2290 ἐπὶ
2640 2229 2710 2289 τὸ

462 2313 483 2331 ⁸
513 2331 911 2417 συγγράφειν
950 2333 1243 2416 καθῆκαν
1271 2324 1553 2409 ἑαυτοὺς,
1582 2330 1656 2394 οὗ
1694 2330 1897 2416 μικρὰ
1922 2331 2029 2397 τὸν
2057 2320 2457 2415 ἀνθρώπινον
2475 2328 2618 2410 βίον
2649 2328 2803 2390 ἑκῖΟ

509 2430 809 2497 τοὶούτων
861 2430 1111 2516 ὀνήσειν
1157 2432 1452 2515 οἰόμενοι.
1499 2434 1609 2498 καί
1654 2430 1871 2509 ἅπλῶς
1902 2436 1970 2498 δὲ
1997 2433 2216 2509 εἰπεῖν,
2268 2429 2323 2495 οὶ
2349 2430 2468 2514 μὲν
2494 2425 2718 2513 ἠθικοὶ

507 2533 634 2596 τοῖν
678 2532 898 2618 λόγων,
945 2531 1088 2599 ὅσοι
1131 2527 1173 2621 ἢ
1227 2530 1455 2618 ἀρετὴν
1501 2530 1879 2621 ἐπῄνεσανῆ
1917 2535 2145 2601 κακίαν
2171 2530 2726 2615 διέβαλον,,καλοι’
2824 2571 2838 2580 ·

651 2653 702 2707 6.
745 2654 1018 2722 Interpres
1038 2658 1267 2726 corrigit
1289 2650 1678 2720 ἀπαλλάττειν,
1716 2659 1810 2711 sed
1835 2658 1911 2711 nil
1935 2659 2259 2710 mutandum.
2300 2656 2419 2711 ΕΙ).
2446 2655 2506 2707 P.
2551 2656 2716 2707 Immo

650 2729 956 2806 mutandum
994 2736 1125 2793 erat,
1166 2730 1313 2797 quod
1350 2736 1508 2783 antea
1544 2729 1842 2800 legebatur,
1882 2723 2279 2781 ἀπαλλάττων.
2328 2762 2335 2768 .

512 2830 578 2881 ad
639 2832 1142 2885 reconciliationem
1181 2835 1512 2887 concordiae
1551 2838 1876 2904 propensior
1913 2837 2135 2898 fuisset,
2190 2849 2345 2886 avum
2402 2832 2488 2896 hi,
2539 2846 2722 2897 nepo-

510 2908 616 2953 tem
659 2901 743 2952 ini
796 2905 851 2954 in
904 2905 1381 2972 reprehensionem
1420 2917 1701 2960 vocarunt.
1778 2909 1892 2972 Qua
1930 2924 2035 2977 ego
2074 2907 2439 2973 disputatione
2476 2917 2722 2955 commo-

512 2981 626 3037 tus,
666 2989 761 3025 eos
798 2976 1041 3029 desidiae
1084 2979 1466 3044 condemnavi,
1506 2981 1597 3048 qui
1642 2980 1769 3033 iude
1810 2995 1841 3031 a
1876 2979 2174 3046 primordio
2210 2975 2428 3045 singula
2464 2981 2721 3043 percepta

516 3061 636 3097 cum
677 3044 962 3112 haberent,
1015 3049 1213 3101 nullam
1258 3067 1438 3103 eorum
1480 3053 1788 3103 memoriam
1825 3052 2128 3117 posteritati
2167 3048 2536 3117 reliquissent.
2613 3046 2720 3098 Sed

516 3124 743 3184 possunt
795 3123 948 3170 etiam
990 3137 1053 3172 ea
1106 3123 1159 3172 in
1213 3129 1490 3191 utramque
1530 3131 1731 3188 partem
1770 3123 2063 3189 disputari,
2116 3119 2262 3188 quod
2303 3119 2447 3171 idem
2488 3117 2554 3169 de
2596 3116 2723 3184 pla-

517 3191 638 3242 citis
676 3188 919 3242 Euclidis
957 3193 1124 3243 aiunt.
1200 3192 1273 3244 Tu
1330 3209 1463 3245 vero
1519 3195 1749 3245 idoneus
1801 3209 1929 3245 sane
1984 3210 2075 3258 es,
2131 3193 2222 3259 qui
2265 3206 2362 3242 uos
2402 3189 2503 3241 hac
2541 3187 2724 3240 mole-

514 3263 617 3314 stia
654 3262 943 3326 expedias,
992 3279 1238 3330 quaeque
1274 3264 1372 3315 sub
1412 3262 1825 3331 imperatoribus
1864 3264 2008 3328 illis,
2061 3278 2309 3333 quaeque
2347 3267 2529 3313 nostro
2580 3276 2723 3312 aevo

516 3333 891 3400 contigerunt,
950 3349 1255 3399 exponens,
1316 3343 1367 3387 et
1416 3336 1633 3403 quidem
1682 3351 1882 3387 summa
1930 3352 2053 3387 usus
2105 3334 2369 3386 brevitate
2424 3331 2724 3396 scribet-di,

518 3419 624 3472 qua
679 3403 795 3454 soia
853 3420 1037 3455 verum
1099 3407 1419 3474 investigari
1481 3414 1672 3474 potest.
1748 3406 1822 3462 Tu
1876 3410 2017 3459 enim
2076 3414 2129 3458 et
2183 3405 2435 3474 quamdiu
2493 3402 2724 3468 publico

518 3477 728 3528 functus
767 3491 823 3526 es
860 3477 1110 3539 munere,
1159 3477 1306 3528 salus
1346 3479 1560 3544 imperii
1613 3479 1792 3530 fuisti:
1846 3487 1898 3531 et
1936 3479 2100 3531 hodie
2137 3484 2482 3545 posteaquam
2522 3474 2727 3526 decur-

517 3549 593 3598 sis
639 3546 941 3598 honoribus
992 3548 1067 3597 tui
1120 3548 1290 3615 ipsius
1331 3565 1451 3602 esse
1501 3550 1761 3616 coepisti,
1812 3553 1974 3604 vitam
2013 3556 2067 3602 et
2107 3564 2284 3601 mores
2321 3555 2442 3599 tuos
2480 3547 2726 3598 veritatis

519 3634 581 3670 ac
619 3619 859 3669 iustitiae
897 3617 1168 3684 exemplar
1215 3620 1461 3672 effecisti.
1535 3620 1757 3684 Quando
1811 3623 2202 3691 igitur-rerum
2254 3625 2519 3689 gestarum
2571 3625 2726 3669 actor

521 3697 574 3742 et
611 3690 867 3741 iudicaris
903 3690 1068 3743 fuisse
1107 3698 1161 3740 et
1213 3708 1343 3743 vero
1396 3693 1575 3755 fuisti,
1630 3708 1768 3761 quae
1815 3694 1914 3746 tibi
1958 3687 2310 3754 acciderunt,
2360 3706 2424 3742 ea
2470 3689 2724 3756 profecto

520 3763 735 3814 nescire
790 3777 900 3812 uon
956 3769 1128 3828 potes.
1202 3762 1371 3828 Dein,
1430 3766 1560 3832 quia
1609 3766 1662 3816 in
1711 3765 1851 3816 omni
1906 3766 2016 3818 vita
2063 3763 2202 3815 nihil
2254 3762 2446 3824 duxisti
2495 3762 2727 3812 veritate

521 3833 830 3901 antiquiuS,
872 3832 1007 3885 nihil
1049 3832 1113 3884 ab
1156 3850 1219 3884 ea
1256 3834 1489 3887 alienum
1533 3835 1870 3888 memorabis.
1945 3835 2026 3887 Ad
2067 3842 2385 3896 extremum,
2434 3832 2562 3900 quia
2602 3846 2726 3883 om-

520 3920 641 3957 nem
690 3905 758 3956 de
811 3911 985 3955 mente
1034 3907 1338 3958 socordiam
1388 3909 1619 3977 fygasti,
1672 3907 1800 3975 quid
1852 3906 2052 3959 laboris
2101 3908 2170 3958 sit
2219 3907 2320 3957 ista
2366 3903 2559 3956 litteris
2608 3917 2726 3954 am-

522 3975 720 4043 plecti,
776 3991 883 4026 non
922 3976 1211 4043 reputabis,
1284 3977 1395 4030 Nec
1436 3995 1567 4031 vero
1606 3980 1840 4046 primus,
1890 3977 2154 4045 nulloque
2192 3976 2436 4042 exemplo
2488 3975 2728 4027 facturus

524 4065 613 4112 es,
671 4047 816 4115 quod
873 4044 964 4114 abs
1014 4055 1065 4100 te
1117 4041 1508 4110 contendimus:
1579 4050 1789 4102 Etenim
1845 4053 1964 4102 sive
2014 4058 2293 4102 extraneos
2341 4048 2460 4099 sive
2509 4054 2725 4099 nostra-

436 4177 445 4184 ,
523 4129 603 4172 tes
652 4117 787 4172 belli
840 4118 1004 4170 duces
1054 4122 1313 4188 respicis,
1369 4138 1540 4192 genus
1597 4122 1703 4174 hoc
1752 4123 2066 4190 scriptionis
2119 4121 2338 4173 minime
2394 4115 2725 4170 contemnes.

521 4190 650 4245 Nam
699 4189 875 4254 ethi,
928 4197 982 4241 et
1027 4191 1110 4243 ini
1161 4209 1270 4245 non
1318 4209 1502 4261 parum
1542 4194 1668 4246 inde
1716 4193 1978 4246 humanae
2016 4192 2262 4245 societati
2301 4189 2602 4258 consultum
2657 4189 2727 4242 iri

522 4262 867 4327 arbitrantes,
916 4261 1023 4315 huc
1073 4267 1275 4331 pariter
1319 4281 1379 4318 se
1430 4266 1777 4320 demiserunt.
1849 4265 2026 4334 Atque
2078 4271 2135 4340 qt
2182 4263 2503 4332 simpliciter
2549 4263 2726 4316 dicam
