2982 4913
617 272 788 358 308
1482 289 1897 356 Pssmoan

609 452 844 508 Romani
894 448 1107 506 cladem
1152 447 1438 519 accipiunt
1454 444 1553 517 (8).
1624 450 1793 499 Amor
1826 445 2178 516 imperatoris
2225 444 2289 497 in
2331 444 2782 500 Cantacuzenun

608 522 955 577 declaratus.-
994 533 1050 573 et
1117 538 1188 573 uo
1220 530 1387 590 pacto
1466 535 1530 569 er
1563 534 1617 568 se
1651 532 1863 587 perque
1900 516 2048 567 alios
2079 515 2386 576 laborarit,
2428 527 2491 567 ut
2524 532 2644 569 eum
2673 517 2781 567 im·

600 595 753 666 perii
786 592 1051 661 collegam
1128 589 1329 641 aberet.
1430 587 1506 639 lle
1545 600 1729 639 tamen
1774 585 2059 655 singulari
2094 583 2362 636 modestia
2401 585 2643 637 oblatam
2691 583 2784 637 di·-

604 666 876 736 gnitatem
923 676 1133 727 semper
1178 655 1438 727 repudiat
1456 655 1553 727 (9).
1627 654 1940 708 Zacharias
1983 655 2288 708 Genuensis
2324 653 2516 707 Chium
2576 655 2643 706 ab
2681 657 2786 708 im-

600 744 862 804 peratore
911 730 1130 781 seniore
1179 744 1488 782 concessam
1509 767 1531 789 ,
1590 727 1699 779 sibi
1749 724 2094 796 posterisque
2141 727 2259 776 suis
2299 726 2586 794 propriam
2601 723 2780 797 ficit.

610 801 929 856 Calothetus
962 798 1201 867 dynasta
1236 799 1406 850 matri
1440 798 1633 866 magni
1668 794 1955 849 domestici
2001 797 2120 847 eius
2156 794 2574 863 recuperandae
2625 797 2780 846 viam

600 869 802 944 pandit
838 883 891 923 et
936 871 998 922 in
1035 885 1153 921 eam
1191 885 1302 921 rem
1355 868 1629 919 auxilium
1668 882 1822 919 suum
1853 864 2171 934 pollicetur.
2248 865 2556 917 Consilium
2595 863 2784 920 dome-

605 943 763 1003 stici,
816 936 1087 1012 quomodo
1134 934 1405 1010 agendum
1454 954 1577 991 cum
1621 937 1908 998 Murano,
1958 936 2058 1006 qui
2101 948 2234 986 tunc
2283 934 2523 986 insulam
2559 936 2780 987 obtine·

606 1012 699 1062 bat
720 1009 848 1080 (to).
936 1013 1158 1077 Quanto
1214 1010 1449 1059 navium
1503 1023 1731 1059 numero
1769 1016 1823 1059 et
1869 1003 2127 1074 qualibus
2163 1003 2399 1072 epibatis
2451 1002 2631 1059 eodem
2672 1022 2788 1055 na-

604 1082 873 1150 vigatum.
946 1076 1369 1130 Nauarchorum
1406 1078 1469 1127 in
1503 1089 1808 1146 apparatus
1837 1091 2036 1145 pompa
2086 1073 2407 1127 aemulatio.
2491 1073 2786 1128 Conditio-

605 1167 734 1211 nes,
769 1148 968 1222 quibus
1006 1148 1309 1216 imperator
1339 1148 1594 1199 Martino
1631 1148 1852 1199 insulae
1883 1142 2294 1216 praefecturam
2330 1146 2648 1214 relinquere
2669 1161 2785 1197 vo-

603 1221 729 1271 luit.
817 1215 1146 1270 Benedictus
1179 1218 1463 1269 castellum
1500 1212 1700 1271 tradit.
1786 1216 2071 1266 Martinus
2100 1232 2319 1286 quoque
2353 1233 2410 1270 se
2444 1212 2651 1269 dedens
2686 1213 2786 1267 be-

605 1289 807 1360 neficio
861 1286 1145 1339 domestici
1184 1300 1407 1339 mortem
1456 1283 1688 1337 evadit:
1748 1286 1861 1353 ipse
1917 1285 1978 1335 in
2012 1301 2289 1336 carcerem
2330 1283 2597 1346 ducitur,
2637 1302 2789 1337 uxor

604 1371 657 1411 et
674 1357 909 1429 familia
947 1359 1119 1409 solum
1153 1368 1408 1418 vertunt,
1442 1356 1645 1407 milites
1683 1357 1824 1415 eius,
1865 1352 2000 1406 data
2039 1353 2250 1414 venia,
2285 1371 2355 1405 ex
2389 1353 2605 1407 duabus
2644 1372 2787 1407 con-
2863 1394 2874 1401 .

604 1426 917 1480 ditionibus
971 1426 1327 1495 posteriorem
1386 1427 1618 1494 eligunt.
1699 1425 2011 1493 Imperator
2061 1425 2231 1476 etiam
2289 1425 2785 1485 benevolentibus,

604 1515 721 1550 non
762 1496 1115 1548 benemeritis
1152 1506 1396 1557 tantum,
1442 1497 1686 1561 gratiam
1723 1491 2071 1564 referendam
2111 1504 2271 1561 putat
2307 1505 2357 1544 et
2391 1494 2595 1564 populo
2644 1492 2785 1546 cmo

603 1584 744 1619 onus
769 1565 1127 1618 tributarium
1149 1564 1494 1633 imminuit(1
1512 1563 1575 1633 ι).
1645 1560 1936 1618 Benedicti
1969 1564 2209 1632 insignis
2225 1566 2553 1631 pertinacia
2589 1576 2645 1615 et
2683 1580 2786 1615 ar-

602 1635 870 1705 rogantia
920 1634 1338 1695 intolerabilis,
1400 1650 1588 1686 omnes
1621 1633 2004 1695 conditiones,
2060 1633 2314 1704 quamvis
2367 1631 2790 1685 honestissimas

601 1705 976 1775 aspernantis,
1013 1705 1127 1756 nisi
1152 1704 1345 1756 insula
1375 1703 1484 1754 sibi
1519 1704 1583 1755 in
1613 1704 1890 1774 peculium
1923 1700 2235 1771 detur(12).
2305 1703 2614 1775 Imperator
2635 1700 2793 1775 apud

599 1775 908 1830 Phocaeam
947 1786 1187 1828 veterem
1233 1792 1270 1826 a
1302 1774 1488 1826 Persis
1523 1775 1766 1844 satrapis
1801 1773 2040 1826 colitur.-
2077 1772 2339 1827 Phocaea
2385 1791 2541 1825 nova
2561 1774 2618 1827 ei
2660 1786 2791 1826 tra—

607 1844 781 1899 ditur:
850 1841 1183 1899 Benedictus
1231 1843 1413 1897 denuo
1456 1842 1648 1895 Chium
1682 1844 1980 1915 subiugat-e
2028 1841 2249 1908 infelici
2290 1859 2542 1895 successu
2583 1860 2793 1913 aggre—

607 1913 909 1985 ditur-(13).
983 1915 1249 1979 Sequitur
1273 1915 1428 1966 locus
1455 1915 1784 1996 perelegans
1817 1927 1872 1967 et
1917 1910 2228 1983 patheticus
2271 1909 2338 1966 de
2376 1912 2561 1967 morbo
2598 1925 2656 1965 et
2694 1914 2793 1965 in-

607 1998 790 2038 stante
828 1984 1180 2054 imperatoris
1211 1983 1367 2035 obitu
1407 1982 1562 2054 apud
1591 1980 2073 2049 Didymotichum,
2117 1981 2213 2033 ubi
2245 2000 2477 2052 magnus
2521 1981 2792 2036 domesti-

606 2071 704 2107 cus
735 2054 844 2106 sibi
874 2056 988 2106 iam
1023 2055 1191 2107 tertio
1229 2050 1477 2106 delatum
1516 2056 1802 2122 imperium
1840 2054 2070 2109 abnuit.-
2099 2053 2192 2105 cui
2226 2054 2398 2123 ipsum
2431 2066 2485 2106 et
2527 2054 2794 2113 unaim-

601 2126 858 2196 peratrix
894 2141 931 2173 a
965 2121 1297 2177 moribundo
1332 2125 1665 2192 imperatore
1717 2120 2183 2177 commendantur.
2270 2124 2530 2176 Omnibus
2563 2120 2793 2176 ordini-

605 2194 705 2247 bus
743 2192 1033 2245 valedicit.
1105 2193 1315 2263 Ingens
1349 2195 1606 2247 exoritur
1630 2194 2014 2265 comploratio.
2058 2191 2339 2245 Palatium
2375 2188 2455 2247 ad
2485 2205 2790 2246 extremam

604 2267 876 2317 morituro
926 2262 1159 2315 salutem
1215 2261 1508 2317 dicendam
1553 2276 1710 2335 patet
1749 2263 1996 2317 cuilibet.
2080 2263 2222 2314 Ante
2273 2277 2494 2317 mortem
2533 2262 2791 2317 habitum

606 2335 970 2386 monasticum
1000 2332 1249 2402 postulat
1286 2331 1420 2415 (14).
1462 2334 1544 2386 De
1582 2334 1747 2387 Xena
1773 2347 1951 2387 matre
1984 2333 2240 2405 quamvis
2274 2336 2437 2387 semel
2472 2336 2790 2405 iterumque

607 2400 955 2465 admonitus,
1010 2400 1155 2455 nihil
1196 2402 1499 2455 constituit.
1588 2405 1834 2475 Magnus
1868 2401 2196 2458 domesticus
2229 2421 2332 2472 pro
2384 2404 2791 2460 consuetudine

607 2474 671 2526 in
705 2485 877 2526 morte
933 2474 1321 2543 imperatorum
1370 2476 1599 2529 solenne
1646 2476 2014 2528 iuramentum
2066 2474 2259 2543 exigit.
2354 2475 2789 2527 Constantinum

608 2540 926 2613 despotam,
965 2543 1224 2613 quamvis
1251 2544 1477 2596 multum
1509 2558 1739 2613 rogatus
1760 2582 1777 2610 ‚
1818 2562 1921 2598 nec
1972 2546 2135 2605 vita,
2190 2560 2290 2596 nec
2326 2545 2505 2597 oculis
2540 2545 2787 2615 privare

606 2615 904 2674 sustinens,
941 2613 1154 2666 occulte
1189 2614 1423 2668 liberum
1459 2614 1715 2674 dimittit.
1786 2614 2402 2682 constantinopolitani
2435 2614 2786 2700 iurant(15).

606 2680 963 2735 Andronicus
995 2683 1184 2736 senior
1237 2686 1454 2746 timens,
1504 2703 1573 2738 ne
1613 2686 1857 2739 extincto
1911 2698 2105 2755 nepote
2142 2688 2255 2754 ipse
2292 2683 2572 2737 habeatur
2603 2702 2785 2754 pesss—

606 2769 711 2814 sne,
749 2754 901 2805 ultro
941 2751 1021 2805 ad
1050 2752 1344 2807 monachos
1377 2773 1432 2809 se
1474 2770 1757 2825 aggregat.
1829 2755 2030 2809 Iunior
2078 2771 2112 2804 a
2149 2756 2457 2808 monastico
2505 2753 2786 2807 schemate

603 2837 707 2891 per
739 2841 997 2893 magnum
1044 2821 1395 2877 domesticum
1441 2819 1773 2896 impeditur.-
1830 2828 1930 2896 qui
1979 2842 2099 2876 cum
2153 2815 2380 2876 medicis
2425 2825 2784 2894 expostulat,

610 2891 999 2961 imperatorem
1032 2906 1222 2948 terret·
1289 2895 1624 2960 Mandatum
1661 2897 1909 2950 ultimum
1942 2893 2292 2966 imperatoris
2315 2891 2381 2947 de
2406 2895 2659 2947 exanimi
2679 2912 2783 2947 suo

608 2979 840 3032 corpore
860 2962 986 3033 (ιθ).
1064 2966 1139 3016 Ob
1179 2966 1399 3035 imperii
1431 2965 1649 3036 pondus
1682 2979 1737 3022 et
1768 2967 2139 3036 molestiarum
2172 2963 2364 3016 molem
2393 2982 2654 3033 magnum
2682 2962 2788 3016 do-

609 3034 889 3085 mesticum
941 3035 1256 3088 miseratur.
1340 3038 1546 3090 Mortis
1592 3031 1832 3089 indicia.
1910 3038 2073 3108 Aqua
2124 3031 2190 3088 de
2227 3032 2396 3106 ante
2431 3033 2640 3088 Matris
2673 3034 2787 3087 Dei

609 3118 730 3153 cum
758 3105 997 3156 omnium
1032 3103 1356 3160 incredibili
1385 3105 1593 3175 gaudio
1612 3105 1992 3176 sanatur-(17).
2061 3103 2391 3158 Narrantur
2409 3105 2465 3159 ei
2497 3123 2646 3177 quae
2683 3106 2784 3157 in-

608 3171 770 3225 terim
798 3188 951 3242 gesta
980 3175 1126 3227 sint.-
1157 3176 1361 3243 probat
1395 3179 1584 3230 omnia
1609 3191 1836 3248 praeter
1868 3177 2179 3228 missionem
2210 3175 2544 3246 Syrgiannis
2577 3177 2640 3226 in
2677 3190 2782 3226 oc·-

610 3238 913 3296 cidenteme
948 3261 1115 3310 quam
1144 3257 1331 3299 tamen
1358 3260 1551 3317 postea
1581 3266 1695 3300 non
1728 3247 2012 3319 improbat.
2049 3245 2381 3316 Syrgiannis
2413 3262 2447 3295 a
2476 3242 2781 3297 domestico

607 3312 894 3364 alienatus
928 3315 1159 3367 animus.
1227 3316 1584 3379 Recensetur,
1624 3317 1764 3389 quid
1782 3317 2039 3388 despotae
2061 3316 2428 3369 Constantino
2463 3311 2780 3380 acciderit,-

607 3395 638 3433 e
686 3397 915 3435 carcere
961 3386 1237 3437 eximitur.
1320 3389 1501 3458 Nepos
1540 3383 1893 3441 Andronicus
1943 3405 2108 3439 avum
2154 3383 2399 3440 induisse
2445 3383 2778 3437 monachum

606 3450 904 3504 tristatur:
952 3455 1047 3505 cui
1101 3453 1425 3510 domesticus
1460 3459 1719 3510 solatium
1768 3454 2157 3530 sugges-1208).
2230 3455 2518 3516 Poem‘tet,
2560 3473 2677 3507 ”01²
2724 3455 2782 3507 α’

607 3516 915 3574 reddidisse
956 3524 1276 3594 imperium,
1317 3523 1767 3598 quemadmodum
1812 3547 1874 3582 co
1917 3530 2126 3580 itarat:
2171 3543 2282 3595 qua
2312 3524 2376 3579 de
2418 3541 2477 3578 re
2519 3541 2642 3576 cum
2674 3522 2782 3576 do·

608 3591 831 3644 mestico
871 3595 1348 3667 consultans(19),
1390 3599 1458 3649 ab
1510 3615 1574 3653 eo
1627 3602 1854 3669 poenitu
1897 3601 1986 3651 ine
2043 3591 2377 3657 deducitur,
2426 3597 2777 3662 argumentis

604 3664 811 3729 partim
868 3682 1013 3733 quae
1071 3683 1291 3720 movere
1343 3663 1662 3735 potuerint,
1715 3671 1920 3740 partim
1974 3683 2118 3740 quae
2155 3667 2429 3719 moverint
2466 3661 2771 3717 dissolutis.

606 3731 893 3812 Deiparae
923 3731 991 3789 de
1017 3748 1240 3806 recepta
1267 3740 1509 3791 sanitate
1555 3743 1772 3809 gratias
1815 3740 1936 3808 agit.
1950 3735 2077 3807 (ιω).
2154 3735 2356 3791 Persae
2403 3735 2771 3806 populatores

609 3814 938 3857 vincuntur.
1020 3804 1218 3860 Acbris
1263 3823 1297 3856 a
1342 3808 1613 3862 Triballis
1664 3808 2034 3863 obsidentibus
2078 3810 2358 3859 asseritur.
2429 3808 2658 3859 Moesus
2703 3815 2758 3856 et

609 3867 913 3938 imperator
941 3876 1001 3927 in
1025 3876 1400 3929 Triballorum
1418 3878 1565 3947 fines
1592 3882 1926 3951 irrumpunt,
1954 3878 2171 3931 Moesus
2201 3894 2270 3929 ex
2294 3875 2527 3928 vulnere
2550 3877 2765 3927 interit.

608 3939 855 4008 Regina,
893 3942 1192 3999 Michaelis
1220 3949 1462 4010 coniux,
1513 3953 1863 4020 imperatoris
1908 3967 2085 4010 soror,
2133 3964 2250 3999 cum
2287 3945 2481 3999 liberis
2513 3946 2763 4016 pellitur.

607 4009 826 4062 Moesia
865 4012 934 4064 ab
980 4015 1309 4085 imperatore
1361 4032 1660 4074 vastatur.-
1705 4018 1977 4091 quaedam
2004 4015 2208 4090 oppida
2250 4011 2587 4070 deditionem
2643 4017 2764 4067 aci·
2822 4076 2829 4084 ⁹

606 4090 722 4130 unt.
793 4080 863 4132 In
905 4083 1084 4136 locum
1105 4087 1291 4141 Isaiae
1309 4087 1674 4159 patriarchae
1715 4092 1960 4144 Ioannes
2014 4086 2303 4159 presbyter
2348 4087 2540 4155 magni
2622 4104 2655 4137 o
2737 4110 2768 4123 ·

603 4150 736 4201 stici
756 4167 924 4203 suasu
944 4153 1012 4204 ab
1035 4158 1304 4226 episcopis
1335 4173 1667 4229 surrogatur
1683 4161 1812 4232 (αι).
1883 4159 2090 4211 Persae
2117 4170 2432 4210 vastatores
2453 4155 2601 4207 male
2627 4153 2767 4207 mul-

604 4230 815 4275 tantur.
864 4221 1195 4293 Syrgiannis
1218 4229 1604 4300 sociorumque
1646 4233 1709 4286 in
1743 4229 2095 4285 domesticum
2125 4240 2178 4284 et
2216 4231 2598 4298 imperatorem
2627 4241 2764 4278 con-
