2982 4913
498 3825 519 3848 ⁴·
596 3806 780 3876 habet
817 3810 884 3869 in
923 3806 1125 3890 aulap

590 330 833 399 xxxin
1025 332 1076 391 ι.
1114 325 1471 397 rom-Am
1510 296 2030 389 EXPLANA'HO'
2056 326 2600 398 mama-Amr

591 494 721 551 sive
748 488 1011 571 legiones
1053 484 1273 561 dictae,
1314 484 1700 567 postmodum
1746 483 2062 544 imminuta
2099 483 2363 547 Heraclii
2398 493 2776 573 temporibus

592 573 868 635 Romana
914 570 1184 653 potentia
1222 579 1284 628 et
1310 578 1587 629 truncato
1618 565 1894 648 imperio,
1939 560 2238 645 θεμάτων
2275 590 2498 633 nomen
2542 596 2778 660 accep&

594 667 765 732 runt,
808 665 1077 715 carentes
1112 653 1234 711 iam
1259 653 1451 713 veteri
1479 648 1872 733 amplitudine
1906 670 2039 711 sua.
2123 651 2283 711 Vide
2318 652 2594 718 libellum
2622 661 2776 723 Con.

508 754 533 825 j,
592 740 841 800 stantini
878 735 1491 818 Porphyrogennetae
1530 734 1607 795 de
1631 731 1996 794 thematibus
2033 735 2163 793 sive
2189 733 2267 795 de
2295 739 2640 818 agminibus
2670 749 2776 806 mi.

596 820 874 882 litai-ibus
915 840 1025 902 per
1060 819 1383 901 imperium
1406 814 1693 879 orientale
1718 814 2076 876 distributis.
2164 817 2281 877 Hic
2307 821 2647 900 praefectus
2671 827 2779 889 hu-

595 903 928 1048 iuscgmodi
967 904 1277 986 agminum
1316 920 1428 986 per
1455 898 1774 963 occidentis
1828 897 2012 960 urbes
2048 898 2512 983 distributorum
2563 908 2778 973 intelli.

642 1008 718 1048 en
762 1009 833 1048 us
876 997 988 1047 est.

600 1009 642 1070 g
765 1067 993 1147 Μέγας
1011 1060 1367 1148 Διοικηι-ὴς,
1444 1063 1716 1144 Magnus
1784 1060 2269 1129 administrator·
2307 1068 2440 1131 sive
2465 1090 2778 1156 procura·

603 1164 723 1221 tor.
806 1151 977 1212 Nihil
1018 1151 1095 1211 de
1136 1150 1253 1210 hoc
1295 1147 1673 1230 Curopalaxa.

764 1232 994 1315 Μέγας
1009 1228 1208 1309 Δούξ,
1252 1233 1519 1311 Magnus
1547 1227 1721 1288 Dux.
1753 1227 2283 1307 Quemadmodum
2297 1253 2553 1319 magnus
2573 1237 2777 1303 dome·

600 1320 788 1379 stieus
816 1319 1098 1401 princeps
1139 1326 1200 1376 et
1225 1336 1296 1376 ea
1334 1325 1404 1374 ut
1424 1319 1507 1373 est
1526 1309 1605 1369 ad
1631 1313 1982 1373 universum
2012 1314 2328 1394 fossatum,
2351 1319 2520 1401 (quid
2545 1323 2623 1382 sit
2636 1322 2787 1405 fos·

600 1413 831 1475 satum,
877 1421 988 1462 suo
1013 1398 1150 1461 loco
1179 1337 1607 1481 expiieaiitun)
1636 1394 1723 1454 sio
1750 1397 1934 1456 etiam
1963 1394 2062 1457 hie
2097 1397 2177 1457 ad
2203 1402 2556 1463 universum
2587 1427 2784 1468 mare.

604 1483 699 1543 Ac
755 1487 936 1545 ceteri
983 1481 1231 1566 quidem
1252 1475 1541 1562 primipes
1573 1475 1707 1538 aliis
1742 1478 1926 1539 rebus
1954 1480 2211 1542 instituti
2254 1494 2325 1544 ut
2357 1486 2578 1567 capita,
2611 1510 2788 1570 prae-

602 1566 806 1627 senmt
837 1576 1193 1629 consuetum
1227 1559 1597 1640 imperatoris
1625 1558 1998 1640 flammeum,
2040 1575 2147 1623 aut
2187 1569 2477 1629 exercitus
2505 1567 2785 1633 flamme-

598 1651 1110 1794 ffiffeffijgnffi?
1146 1643 1640 1791 “ixsfflzffl
1657 1644 2788 1793 sgffiffli133oeffiffmbffipffiw

598 1836 705 1876 um
733 1816 935 1879 classis
944 1754 1382 1896 qumfflalium
1406 1820 1524 1869 ete.
1568 1809 1728 1870 Vide
1757 1753 2788 1895 curopalatamagtnscholianslggam·

765 1893 1297 1982 Πρωτοσέβοστος
1318 1935 1337 1968 ,
1380 1891 1885 1972 Primaugustus.
1970 1894 2225 1956 Nullum
2251 1899 2654 1963 ministerium
2679 1904 2794 1967 ha-

600 1980 728 2059 bet,
759 1985 913 2065 quia.
930 2003 1056 2044 non
1091 1974 1308 2039 fluctio
1346 1982 1437 2032 est
1453 1972 1682 2055 palatio
1733 1975 1999 2038 militans
2019 2022 2038 2055 ,
2095 1980 2202 2040 sed
2230 1980 2493 2062 dignitas
2525 1984 2792 2050 honora·

599 2066 719 2206 Za!
747 2084 932 2209 (Ῑῃέἓι
962 2084 1079 2167 neon
1100 2056 1419 2116 ministerii
1460 2057 1807 2119 autordjnis
1833 2063 2152 2122 necessitas
2188 2062 2356 2144 facit,
2395 2066 2499 2127 sed
2527 2069 2792 2152 impera-

668 2167 754 2208 ris
782 2169 813 2207 ε
899 2166 1056 2207 oxeo-

766 2229 989 2309 Μέγας
1024 2217 1536 2302 Χαρτουλάριος,
1579 2221 1855 2304 Magnus
1890 2225 2336 2290 charada-ius.
2393 2229 2643 2314 Equum
2670 2237 2790 2297 im-

596 2314 887 2393 peratoris
925 2332 961 2371 a
993 2314 1428 2386 protostratore
1478 2317 1824 2387 susceptum
1846 2351 1866 2385 ,
1909 2319 2029 2369 ete.
2110 2311 2273 2372 Vide
2299 2333 2458 2394 quae
2497 2337 2680 2398 supra
2723 2321 2800 2381 in

642 2404 1023 2458 rotostrawre
1052 2387 1215 2449 dieta
1239 2399 1404 2448 sunt.
1469 2385 1897 2451 Stallmaister
1916 2391 2235 2455 Germanis
2270 2395 2390 2456 dici
2418 2408 2593 2479 putat
2617 2398 2798 2464 scho-

596 2417 792 2544 ssasta.
871 2474 1137 2535 Zonaras
1172 2474 1239 2532 in
1280 2473 1484 2532 Leone
1505 2471 1714 2532 Isauro
1740 2515 1758 2550 ,
1800 2483 1969 2535 tomo
1994 2478 2174 2538 tertio
2199 2478 2555 2560 Annalium,
2588 2495 2794 2565 poste-

596 2560 850 2622 rioribus
885 2556 1260 2641 temporibus
1302 2549 1413 2617 τὸν
1449 2552 1578 2616 τῶν
1614 2555 1958 2634 βασιλικῶν
1981 2551 2345 2640 ἱπποκόμων
2380 2561 2794 2631 ἐπιστατοῦν-

593 2663 673 2705 τα
721 2640 1089 2724 appeliatum
1120 2637 1330 2700 tradit.

756 2717 1185 2807 Πριμικὴριος
1220 2718 1454 2802 αῧλῆς,
1514 2720 1728 2783 Aulae
1754 2723 2181 2804 primicerius.
2289 2728 2491 2790 Habet
2531 2730 2792 2813 quidem

589 2811 655 2870 in
686 2808 1170 2869 circumstatione
1221 2804 1802 2866 administrationem
1823 2850 1843 2884 ,
1889 2805 2131 2888 qualem
2171 2819 2312 2871 ante
2361 2812 2644 2893 diximus,
2687 2836 2793 2876 οι·-

589 2894 734 2954 dine
756 2912 906 2954 vero
931 2889 1187 2952 collocat
1218 2891 1399 2949 etiam
1431 2909 1667 2966 omnes,
1704 2890 1896 2973 quiin
1929 2889 2071 2950 aula
2097 2901 2261 2953 sunt.
2305 2894 2398 2955 Ut
2425 2899 2587 2957 enim
2617 2900 2792 2979 prin-

587 2999 660 3037 ee
702 2997 731 3036 s
791 2978 1049 3059 quisque
1108 2994 1286 3035 suum
1348 2982 1410 3033 et
1446 2975 1843 3034 constitutum
1895 2972 2097 3034 locum
2134 2975 2214 3034 ad
2264 2978 2792 3043 circumstandum

588 2997 795 3122 11ssae
842 3063 928 3121 sie
951 3061 1133 3120 etiam
1156 3057 1421 3138 ordines,
1440 3058 1549 3139 qui
1574 3059 1636 3117 in
1657 3055 1797 3118 aula
1821 3067 1986 3137 sunt,
2024 3056 2244 3141 sing-uli
2268 3065 2581 3146 proprium
2600 3084 2792 3128 suum

590 3143 794 3205 locum
821 3144 1116 3204 obtinent.

759 3216 1260 3306 Πρωτοκυνηγὸς
1274 3268 1294 3299 ,
1342 3219 1732 3284 Venator-um
1762 3222 2087 3307 princeps,
2126 3223 2602 3304 Jiigermaister.
2665 3228 2792 3292 Im·

591 3320 870 3392 peratore
901 3304 1338 3366 conscendente
1378 3325 1628 3387 equum,
1661 3325 1841 3365 nemo
1862 3302 2016 3366 alius
2044 3317 2283 3389 praeter
2320 3308 2485 3373 hune
2524 3314 2793 3394 stapiam

592 3404 782 3470 tenet,
810 3411 951 3451 cum
985 3408 1269 3471 praesens
1297 3399 1410 3449 est.
1508 3388 1757 3449 Praeest
1782 3409 1931 3451 vero
1967 3391 2043 3450 iis
2077 3393 2493 3472 venatoribus,
2536 3397 2646 3478 qui
2684 3417 2792 3458 eu-

591 3488 824 3537 ratores
852 3494 1073 3534 eanum
1102 3470 1508 3554 appellantur.
1593 3472 1777 3549 Quod
1823 3474 1874 3533 si
1918 3472 2161 3555 quando
2187 3476 2592 3557 imperatoris,
2636 3499 2790 3542 cum

591 3562 659 3620 in
690 3559 1009 3620 venatione
1027 3566 1142 3633 est,
1172 3565 1400 3617 vestem
1425 3554 1692 3637 aliquam
1711 3558 2001 3639 sanguine
2027 3560 2260 3642 aspergi
2285 3562 2625 3644 eontigerit,
2644 3583 2788 3624 eam

593 3642 695 3703 hic
725 3652 981 3703 venator
1006 3640 1133 3700 aeci
1176 3639 1225 3699 it
1248 3659 1318 3698 ex
1355 3639 1670 3699 beneficio.

763 3720 1078 3806 Πραίτωρ
1126 3718 1626 3866 ἂνξὲιέἕ,Ρζέἕερν
1645 3742 1730 3812 pp
1818 3722 1887 3786 li.
1922 3722 2179 3869 tNulll>am
2197 3725 2788 3869 administrationem

1314 3827 1374 3888 a,
1555 3827 1730 3866 mur
1827 3829 2528 3886 ,euranamsoum.
