2982 4913
569 268 628 370 4
1427 297 1847 365 PEmoan

570 458 935 530 christopolis
973 455 1277 512 destinatur
1316 459 1430 526 (7).
1507 462 1813 515 Callinicus
1851 460 1925 514 ad
1958 461 2176 515 Cralem
2213 458 2570 513 Triballorum
2604 462 2768 530 prin-

568 534 740 601 cipem
777 531 839 581 de
874 533 1134 583 societate
1174 530 1403 601 legatur.
1477 534 1726 602 Spondet.
1800 534 1991 586 Denuo
2028 532 2090 585 de
2126 534 2276 597 loco,
2314 531 2388 584 ad
2420 548 2570 599 quem
2607 533 2767 585 salu-

570 605 640 655 tis
680 601 904 654 tuendae
940 604 1279 670 confuqiant‚
1332 598 1692 670 deliberatur,
1748 614 1799 656 et
1835 604 2221 674 Adrianopolis
2265 605 2593 672 praefertur.
2668 603 2768 656 In-

568 676 750 726 iuriae
789 676 877 726 avi
919 676 977 725 in
1016 684 1259 742 nepotem
1294 687 1676 728 memorantur.
1750 679 2082 745 Syryiannes
2131 694 2159 728 e
2199 675 2427 727 Thracia
2464 684 2766 747 revocatur.

569 745 753 797 Adbuc
790 745 853 796 de
889 746 1009 796 loco
1046 747 1225 812 fuqae.
1298 747 1690 816 Adrianopolis
1727 750 1924 799 iterum
1964 748 2206 816 eligitur.
2278 747 2582 810 Quaerunt,
2629 750 2768 814 quoss·

566 815 722 868 modo
780 816 1250 885 Constantinopoli
1303 819 1519 888 impune
1578 830 1769 871 exeant
1811 819 1925 883 (8).
2032 819 2410 871 Protostrator
2463 834 2641 869 senem
2709 819 2769 868 in

567 888 867 939 custodiam
941 887 1288 953 tradendum,
1380 892 1746 959 Syryiannes.
1787 892 1998 942 omnino
2071 887 2420 958 iugulandum
2492 888 2770 939 decernit.-

565 960 798 1026 utrique·
834 974 1137 1027 repuqnans
1194 955 1632 1029 Cantacuzenus,
1695 964 1758 1013 in
1813 965 1992 1030 prima
2045 961 2352 1023 sententia,
2413 958 2476 1011 de
2530 960 2770 1028 simplici

566 1030 839 1095 discessu,
891 1028 1305 1099 permanendum
1341 1036 1687 1100 pronuntiat,
1736 1034 2034 1102 Syrqianni
2071 1042 2260 1084 contra
2296 1032 2493 1082 nitenti
2541 1033 2770 1099 sapien-

568 1110 652 1154 ter
710 1104 975 1165 occurrit,
1032 1103 1295 1170 simulque
1348 1113 1796 1172 protostratorem
1851 1104 2060 1170 refellit
2103 1103 2217 1168 (9).
2292 1102 2462 1170 Nepos
2503 1102 2568 1153 ab
2624 1103 2771 1153 omni

564 1172 891 1225 crudelitate
946 1175 1006 1224 in
1055 1191 1211 1225 avum
1262 1173 1583 1239 abhorrens,
1642 1174 2013 1228 Cantacuzeno
2062 1173 2364 1227 subscribit.
2440 1172 2586 1225 Idem
2627 1175 2771 1240 Syr—

564 1246 790 1315 9iannes
850 1251 902 1296 et
957 1253 1323 1314 protostrator
1385 1248 1599 1311 faciunt
1659 1248 1788 1311 (ιο)
1813 1285 1828 1310 ,
1892 1248 2291 1315 imperatricem
2346 1244 2768 1307 Cantacusenus‚

566 1317 657 1384 qui
707 1324 758 1367 et
804 1333 1028 1384 magnus
1085 1315 1434 1381 domesticus,
1488 1320 1724 1369 iunioris
1773 1318 2121 1386 imperatoris
2167 1318 2443 1384 coniugem
2493 1317 2769 1367 Constan-

567 1387 796 1456 tinopoli
852 1386 1260 1454 relinquendam
1316 1391 1497 1439 sentit.
1584 1389 1811 1459 Magnus
1863 1389 2232 1443 contostaulus
2293 1397 2342 1438 et
2398 1404 2622 1456 maynus
2659 1387 2770 1437 ‘lo-

563 1458 782 1528 qotlteta
819 1458 1136 1511 Metocltites
1182 1477 1403 1510 causam
1446 1462 1659 1527 nepotis
1707 1459 1852 1529 apud
1897 1479 2054 1512 avum
2104 1468 2270 1529 ayunt
2314 1458 2463 1522 (ΙΙ).
2537 1457 2622 1509 Ad
2671 1459 2768 1508 iu—

566 1530 767 1580 dicium
805 1532 1134 1581 arcessitur:
1191 1540 1559 1598 protostrator
1607 1548 1723 1582 eum
1770 1535 2088 1584 comitatur.-
2142 1530 2460 1582 domesticus
2506 1547 2769 1597 super-ve-
2835 1548 2839 1553 ·

563 1603 647 1652 nit
703 1610 923 1669 postea.-
982 1602 1042 1652 in
1088 1602 1306 1670 palatio
1356 1601 1418 1653 de
1470 1603 1730 1654 servando
1785 1607 1973 1655 iuvene
2028 1604 2475 1654 sermocinantur.
2566 1600 2772 1652 Ternae

564 1673 815 1723 triremes
864 1689 906 1731 ‚a
959 1672 1325 1724 Genuensibus
1377 1675 1571 1726 amicis
1627 1675 1971 1726 instruuntur
2029 1673 2179 1738 (12).
2287 1673 2463 1741 Nepos
2520 1687 2771 1741 magnum

564 1743 909 1795 domesticum
960 1743 1255 1810 offendens,
1317 1761 1374 1795 se
1413 1744 1681 1796 desertum
1722 1747 2108 1813 conqueritur:
2163 1761 2298 1812 quae
2354 1745 2588 1795 maa-ime
2633 1743 2771 1805 cult,

512 1832 523 1839 ·
564 1814 734 1866 audit.
812 1816 1030 1866 Citatur
1067 1815 1130 1866 de
1170 1818 1380 1885 inteqro
1421 1815 1486 1866 ab
1520 1833 1621 1868 avo
1672 1817 1744 1867 ad
1799 1817 2094 1868 iudicium.-
2152 1817 2355 1867 amicos
2401 1814 2473 1866 ad
2521 1812 2771 1881 fidelita-

565 1896 669 1937 tem
708 1885 813 1937 sibi
854 1887 914 1937 in
959 1887 1203 1953 periculo
1252 1887 1636 1954 praestandam
1677 1886 1942 1938 hortatur.
2018 1888 2423 1939 Cantacuzenus
2477 1896 2529 1937 et
2576 1893 2771 1954 proto-

562 1966 772 2009 strator
826 1959 1007 2008 omnia
1061 1958 1417 2025 pollicentur.-
1474 1956 1546 2008 ad
1594 1958 1868 2026 palatium
1923 1957 2183 2009 deducunt
2224 1953 2373 2021 (13).
2449 1956 2534 2008 Ibi
2581 1972 2772 2008 coram

563 2030 832 2099 episcopis
873 2038 933 2079 ut
970 2028 1228 2095 superbus
1272 2036 1321 2078 ct
1358 2026 1582 2080 rebellis
1627 2047 1663 2080 a
1700 2046 1822 2081 sene
1859 2038 2164 2081 accusatur.
2239 2029 2412 2097 Neqat
2462 2045 2532 2079 se⁴
2569 2029 2769 2080 talem:

560 2103 612 2150 si
659 2102 971 2168 facinorum
1018 2101 1245 2151 istorum
1292 2110 1591 2169 compertus
1625 2102 1826 2166 fuerit,
1878 2101 1962 2152 vel
1995 2099 2284 2169 capitalem
2321 2116 2551 2167 poenam
2588 2099 2768 2150 liben—

564 2180 646 2224 ter
693 2178 1069 2237 excepturum,
1122 2179 1174 2222 et
1227 2174 1403 2221 aoum'
1434 2180 1493 2222 ut
1547 2173 1983 2223 contumeliosum
2034 2170 2318 2240 redarquit
2360 2166 2510 2235 (14).
2584 2169 2769 2220 Amici

561 2241 665 2293 duo
712 2243 852 2307 foris
910 2241 1202 2292 clamorem
1256 2240 1566 2307 audientes,
1629 2261 1943 2295 succurrere
1998 2252 2214 2311 parant.
2288 2242 2465 2292 Senex
2518 2240 2767 2308 quiescit,

561 2322 613 2365 et
650 2312 832 2380 nepoti
872 2311 1205 2364 conditiones
1245 2315 1354 2378 fert
1393 2323 1654 2381 quatuor:
1711 2313 1783 2366 ad
1834 2315 2080 2382 singulas
2116 2311 2398 2381 respondet
2440 2312 2604 2377 (¹5),
2659 2329 2766 2381 pe-

559 2383 675 2434 dem
719 2385 832 2434 eius
872 2401 1071 2453 pronus
1108 2384 1399 2436 osculatur.
1475 2386 1660 2454 Finqit
1699 2386 1799 2437 ille
1840 2403 1897 2437 se
1930 2384 2375 2439 reconciliatum:
2428 2386 2585 2435 inani
2619 2400 2767 2451 qau-

559 2455 650 2507 dio
708 2455 1003 2507 exultatur.
1099 2454 1316 2508 Iubetur
1373 2458 1433 2507 in
1485 2456 1910 2527 Peloponnesum
1963 2461 2271 2527 praefectus
2335 2455 2488 2508 abire
2541 2471 2767 2524 magnus

557 2526 908 2591 domenicus,-
972 2544 1110 2595 quae
1163 2528 1336 2578 iussio
1395 2531 1646 2595 quoniam
1696 2529 1944 2596 fraudem
2004 2529 2211 2592 olebat,
2278 2526 2405 2595 quid
2457 2536 2586 2596 aqut
2646 2542 2769 2578 cum

557 2600 724 2651 sociis
775 2597 1063 2649 consultat.
1140 2597 1447 2651 Coniicitur
1481 2617 1642 2666 ,mens
1677 2601 1824 2652 senis
1860 2601 2021 2664 haec,
2070 2609 2130 2651 ut
2177 2600 2316 2667 ipsis
2368 2595 2545 2667 spe‘cie
2592 2615 2767 2667 prae-

555 2673 888 2739 fecturarum
941 2669 1257 2734 distractis,
1311 2688 1504 2722 nocere
1553 2672 1778 2723 liberius
1818 2687 1885 2724 ac
1934 2672 2162 2738 facilius
2218 2671 2419 2738 possit:
2484 2687 2592 2721 non
2649 2685 2767 2720 esse

558 2742 787 2793 salutem
828 2740 1201 2810 negliyendam
1246 2740 1395 2806 (16).
1479 2740 1528 2792 Α
1564 2745 1782 2794 iuniore
1830 2741 1901 2794 ad
1946 2759 2122 2794 senem
2173 2735 2273 2810 'pro
2308 2742 2630 2811 impunitate
2668 2758 2766 2791 so-

555 2813 763 2864 ciorum
819 2812 1020 2881 legatio
1076 2812 1413 2875 decernitur,
1473 2830 1631 2881 quam
1686 2814 1999 2867 Metochites
2042 2815 2208 2865 certis
2258 2812 2322 2864 de
2377 2815 2560 2864 causis
2617 2811 2768 2863 obire

556 2884 837 2935 detrectat.
908 2885 1164 2952 Sequitur
1215 2880 1423 2950 friv'ola
1471 2883 1754 2937 domestici
1800 2887 2113 2948 excusatio,
2165 2902 2262 2937 cur
2309 2902 2346 2936 a
2398 2883 2766 2953 Peloponneso

556 2955 862 3007 abhorreat.
939 2956 1264 3024 obiurgatus
1312 2956 1376 3006 ab
1432 2959 1792 3025 imperatore,
1856 2959 1916 3008 in
1981 2957 2313 3009 Thessaliam
2363 2954 2576 3007 iubetur
2628 2972 2766 3022 pro-

552 3028 762 3094 ficisci3
820 3044 977 3095 quam
1027 3026 1384 3078 conditionem
1436 3028 1696 3079 similiter
1747 3028 2116 3096 subterfugere
2170 3026 2387 3080 studens
2437 3026 2766 3089 dissimulat,

556 3107 607 3151 et
647 3107 805 3150 extra
841 3099 1023 3150 urbem
1059 3099 1262 3150 milites
1296 3101 1683 3168 pecuniamque
1722 3108 2013 3169 exspectat.
2086 3098 2482 3151 Protostratori
2521 3097 2768 3165 Prillapi

624 3172 905 3235 aefectura
951 3170 1240 3221 mandatur
1295 3170 1445 3234 (17).
1494 3172 1810 3240 ‘Scriptura
1863 3170 1936 3222 ad
1987 3169 2242 3222 lectulum
2295 3172 2543 3233 inventa,
2601 3185 2765 3237 nepos

553 3187 822 3309 amentio
889 3239 1091 3292 decimo
1131 3242 1319 3292 ‘tertio
1378 3241 1657 3294 Kalendas
1723 3243 1940 3306 Maias,
2012 3244 2298 3293 comitatus
2367 3249 2766 3310 protostratore

553 3314 848 3382 paucisque
903 3312 1160 3377 famulis,
1226 3329 1343 3362 cum
1408 3314 1629 3364 canibus
1700 3323 1754 3365 et
1811 3315 1996 3366 avibus
2052 3314 2386 3376 venatoriis,
2454 3312 2527 3363 ad
2577 3313 2765 3380 fugam

557 3382 829 3452 tegendam
863 3382 1104 3445 scilicet,
1141 3383 1430 3449 egreditur.
1505 3383 1865 3453 Adrianopoli
1897 3386 2123 3438 comiter
2158 3385 2445 3454 accipitur.
2520 3383 2634 3435 Hoc
2670 3384 2766 3433 in·-

556 3455 808 3518 tellecto,
842 3475 847 3482 ·
876 3456 1174 3521 imperator
1231 3453 1481 3522 Taqarim
1532 3461 1847 3525 magistrum
1911 3457 2147 3508 militiae
2200 3455 2270 3507 ad
2324 3455 2614 3523 fugitivum
2665 3471 2765 3505 re-

556 3523 849 3577 ducendum
887 3527 1102 3576 mittere
1140 3525 1288 3576 vult:
1341 3543 1375 3576 a
1436 3545 1537 3595 quo
1592 3527 1843 3590 docetur,
1898 3528 2134 3580 laborem
2186 3529 2403 3578 inanem
2449 3529 2570 3593 fore
2610 3524 2763 3588 (18).

557 3596 914 3648 Interdicitur
964 3594 1233 3661 omnibus,
1282 3614 1347 3648 ne
1385 3607 1627 3668 nepotem
1676 3602 1890 3651 nomine
1938 3601 2285 3669 imperatoris
2333 3599 2611 3664 afficiant,
2663 3595 2765 3646 de—

555 3668 906 3735 claraturque
954 3667 1157 3732 hostis,
1214 3675 1265 3719 et
1314 3686 1431 3720 cum
1470 3673 1713 3737 factione
1761 3687 1863 3722 sua
1912 3688 1948 3722 a
1987 3673 2202 3739 piorum
2253 3671 2619 3721 communione
2670 3684 2764 3718 se-

553 3737 810 3790 cluditur.
900 3738 980 3788 Ab
1049 3756 1110 3790 eo
1180 3737 1367 3790 deinde
1420 3758 1606 3809 pacem
1657 3760 1821 3793 senez·
1871 3744 2025 3811 petit.
2113 3742 2307 3810 Legati
2357 3742 2420 3793 in
2470 3738 2767 3792 discrimen

552 3812 810 3862 veniunt:
861 3819 913 3861 et
950 3809 1028 3861 ibi
1065 3810 1295 3862 alterius
1332 3829 1594 3879 praesens
1631 3823 1790 3881 atque
1829 3815 2175 3865 inconcussus
2212 3814 2443 3864 animus.
2518 3809 2762 3878 Beniqno

553 3897 671 3932 cum
725 3898 982 3949 responso
1036 3881 1379 3934 dimittuntur
1430 3884 1581 3947 (19).
1657 3884 1930 3936 Postridie
1982 3886 2042 3936 in
2089 3884 2323 3935 concilio
2371 3899 2484 3951 paa-
2530 3897 2763 3934 recusa-

554 3962 678 4016 tur,
740 3954 797 4003 ni
847 3954 1030 4004 senior
1078 3954 1307 4022 imperio
1358 3955 1546 4006 cedat.-
1599 3955 1764 4007 datur
1813 3965 1990 4008 tamen
2037 3973 2233 4026 opera,
2288 3963 2348 4006 ut
2385 3957 2436 4006 is
2478 3955 2761 4005 imminens

549 4025 857 4093 periculum
906 4025 1182 4076 declinare
1229 4029 1424 4095 possit.
1500 4027 1793 4080 Exercitus
1835 4028 1973 4078 mire
2023 4036 2144 4079 avet
2189 4026 2509 4094 Byzantium
2557 4034 2760 4095 petere,

502 4113 515 4122 ‘
551 4113 648 4146 nec
706 4096 757 4145 ei
807 4095 1130 4164 persuaderi
1178 4107 1390 4165 potest,
1443 4106 1507 4150 ut
1554 4098 1725 4150 libens
1778 4101 1839 4150 in
1891 4097 2212 4150 occidentem
2260 4095 2445 4150 tendat
2483 4096 2633 4161 (20).
2709 4093 2760 4144 A

550 4166 981 4235 Sphentistltlabo
1019 4168 1324 4220 Moesorum
1360 4186 1486 4238 reqe
1535 4170 1790 4222 insidiae.
1865 4169 2032 4221 Lente
2071 4169 2577 4238 Constantinopolin
2622 4182 2760 4237 per-

548 4239 631 4308 git
681 4240 899 4302 iunior,
958 4239 1194 4291 morbum
1248 4249 1607 4308 praetexens5
1658 4255 1836 4292 senem
1885 4244 2233 4309 praemonet,
2291 4250 2351 4292 ut
2398 4241 2506 4293 sibi
2548 4247 2758 4291 caveat.

550 4309 780 4379 Haqnus
817 4310 1136 4364 domesticus
1171 4310 1239 4363 ab
1290 4315 1684 4380 oppugnatione
1730 4312 1882 4365 urbis
1929 4310 2245 4365 dehortatur
2283 4313 2431 4376 (αι).
2505 4309 2752 4362 Palaeo-
