2982 4913
858 323 1462 387 HISTORIARUM
1524 323 1579 385 1.
1643 314 1743 384 16.
2045 317 2050 322 ·
2299 321 2403 411 77

225 488 386 556 λέων
422 488 533 555 ἐπὶ
568 489 681 572 τῆς
725 486 903 573 δίκης
942 487 1223 553 ἐνταῦθα
1251 484 1632 571 ἐτελεύτησε·
1679 485 1830 553 δυσὶ
1853 485 1922 550 δὲ
1948 480 2209 571 ὕστερον
2254 484 2415 569 ἦμέ-
2433 493 2725 552 Α.Ο.1821

226 615 365 676 ραις
424 588 586 675 μετὰ
638 590 820 653 τοῦτο
882 586 919 652 ὅ
971 586 1397 672 πρεσβύτερος
1452 588 1579 651 τῶν
1631 586 1951 669 βασιλέων
2001 588 2096 673 τῷ
2158 586 2413 673 μεγάλῳ

225 692 325 758 διά
365 714 532 767 τινος
570 692 762 774 δηλοῖ
795 688 1138 774 δομεστίκῳ
1178 688 1339 772 πρὸς
1360 688 1853 773 Πελοπόννησον
1896 686 2216 774 ἀπελθεῖν,
2258 688 2418 753 ἐκεί-

218 817 325 877 νης
359 789 917 877 ἐπιτροπεύσοντα.
962 787 1032 854 τό
1075 791 1133 854 δ’
1167 789 1360 866 εὐθυς
1391 788 1603 855 ἐδόκει
1636 791 1755 872 μὲν
1787 781 1952 853 εἶναι
1982 791 2108 854 τῶν
2148 793 2417 874 ἀριστε-

186 896 347 979 δρῶν
386 877 657 956 οἶωναῗν·
706 888 882 970 ὅπως
930 893 989 956 δ’
1042 889 1343 974 ἀνακωχὴ
1363 893 1635 977 γένηται,
1671 890 1783 955 καί
1801 892 2066 972 βασιλεῖ
2081 893 2174 977 τῷ
2192 890 2313 976 νέῳ
2335 885 2415 955 τὰ

216 996 322 1078 τῆς
367 994 668 1080 ἀγγελίας
712 995 877 1076 δῆλα
914 991 1249 1078 γενέσθαι,
1316 992 1704 1075 ἀντεμήνυσε
1746 993 1856 1057 καὶ
1904 989 2091 1069 αὐτὸς
2130 993 2413 1056 τοιαῦτα·

218 1099 364 1184 ,τῆς
412 1095 510 1171 εἷς
554 1095 671 1176 ἐμὲ
720 1092 1045 1176 εὐμενείας
1086 1092 1197 1157 καί
1238 1093 1681 1178 προμηθείας,
1745 1086 1800 1158 ὦ
1840 1094 2135 1180 βασιλεῦ,
2179 1089 2418 1168 πολλὰς

216 1197 331 1280 μὲν
374 1196 494 1259 καί
529 1191 727 1282 ἄλλοις
757 1193 889 1274 ἔχω
929 1192 1042 1269 τάς
1082 1192 1459 1276 ἀποδείξεις,
1504 1193 1785 1275 μάλιστα
1825 1195 1896 1259 δὲ
1933 1192 2002 1259 τὰ
2042 1195 2110 1273 ἐξ
2144 1191 2415 1278 ἡλικίας,

218 1293 297 1372 ὦς
341 1295 572 1382 εἷπεῖν,
621 1295 872 1380 πρώτης
919 1294 1010 1371 εἰς
1049 1292 1257 1379 ἀρχάς
1277 1295 1656 1380 ἐκλέγεσθαι
1678 1295 1789 1361 καί
1812 1295 2154 1382 διοικήσεις
2173 1294 2416 1380 ἐπιτρέ-

161 1407 353 1482 1οπειν
402 1397 650 1462 πόλεών
689 1419 757 1461 τε
801 1396 912 1461 καί
955 1399 1295 1481 στρατιῶν,
1341 1393 1599 1461 οἴκοθεν
1633 1393 2026 1482 ὁρμημένον·
2071 1397 2183 1464 καί
2201 1396 2271 1462 τὸ
2304 1398 2417 1461 νῦν
2433 1408 2489 1463 Ρ.
2511 1407 2582 1464 51

218 1499 285 1563 δὲ
325 1500 516 1563 τοῦτο
560 1494 799 1575 πολλὰς
840 1499 933 1585 τῷ
976 1500 1072 1585 σῷ
1113 1498 1340 1582 κράτει
1357 1499 1570 1562 πείθει
1587 1498 1864 1582 χάριτας
1893 1495 2243 1584 ὁμολογεῖν,
2286 1500 2414 1580 βα-
2495 1539 2502 1550 -

178 1603 412 1665 ·σιλεῦ.
467 1599 699 1683 δέομαι
745 1599 821 1685 δὴ
863 1602 975 1665 καί
1015 1600 1245 1686 ταύτην
1290 1602 1613 1667 ἐπιθεῖναι
1641 1597 1754 1683 τὴν
1771 1599 1997 1693 ιχάριν,
2037 1596 2151 1684 τὴν
2171 1601 2413 1685 παροῦ-

218 1726 332 1766 σαν
372 1701 729 1785 ἐπιτρέψαι
772 1699 932 1786 πρὸς
977 1700 1318 1783 διάσκεψιν
1361 1698 1631 1786 ἡμέραν,
1679 1697 1764 1776 ὥς
1807 1700 1874 1777 ἐς
1915 1698 2028 1784 τὴν
2071 1697 2416 1785 ὗστεραίαν

215 1803 630 1888 ἐπιτέταγμαι
669 1800 780 1887 τὴν
823 1802 1172 1888 ἀπολογίαν
1204 1800 1665 1868 ἀποδώσοντι.“
1712 1798 1875 1885 πρὸς
1892 1801 2011 1883 μὲν
2036 1795 2242 1892 δὴἱτόν
2266 1821 2416 1885 πρε-

163 1902 522 1988 15σβῦτερον
553 1905 680 1968 τῶν
698 1902 1018 1987 βασιλέων
1041 1902 1425 1985 ἀπεκρίνατο
1446 1904 1729 1967 τοιαῦτα·
1773 1894 1818 1990 ᾗ
1848 1904 1917 1967 δὲ
1939 1901 2197 1985 τάχους,
2224 1900 2412 1965 ἀπελ·

220 2001 345 2068 θεὸν
388 2002 558 2089 πρός
598 2001 707 2070 τὸν
764 2004 935 2091 νέον,
994 2002 1063 2069 τὸ
1125 2006 1237 2069 τοῦ
1281 2004 1604 2084 βασιλέως
1654 2004 1973 2089 ἐπίταγμα
2030 2001 2417 2089 ἀναγγέλλει,

223 2103 323 2169 καί
368 2105 753 2189 Συναὸηνοῦ
800 2104 1111 2189 παρόντος
1146 2107 1264 2169 τοῦ
1304 2105 1890 2191 πρωτοστράτορος.
1932 2110 2064 2180 τοῖς
2107 2106 2165 2169 δ’
2206 2100 2419 2171 ἐδόκει

224 2206 566 2285 βουλευτέα
606 2206 800 2271 πάλιν
840 2207 909 2285 ἐξ
959 2206 1164 2292 ἀρχῆς
1209 2200 1374 2270 εἶναι
1422 2207 1573 2287 περὶ
1622 2209 1746 2271 τῶν
1792 2203 1958 2272 ὅλων
2000 2205 2411 2291 πραγμάτων·

234 2302 364 2369 οὐδὲ
422 2302 552 2391 γάρ
609 2302 771 2391 πρός
830 2307 943 2372 ἕνα
1004 2309 1224 2393 φέρειν
1279 2306 1388 2372 τὸν
1432 2308 1755 2392 κίνδυνον,
1816 2304 1975 2392 πρὸς
2027 2303 2267 2381 πάντας
2322 2304 2413 2370 δέ.

162 2399 381 2491 Ξυῆρχε
430 2406 501 2472 δὲ
545 2402 582 2472 ό
622 2406 927 2491 βασιλεὺς
967 2409 1078 2492 τῆς
1118 2410 1354 2494 βουλῆς
1379 2404 1544 2474 οὕτω
1576 2409 1958 2489 διαλεχθείς·
2003 2405 2230 2496 »αὐτοὶ
2247 2405 2473 2491 μάρ-Β

219 2530 405 2593 τυρες
452 2505 637 2592 ἡμεῖς
684 2509 1168 2594 καθεστήκαμεν
1205 2504 1478 2594 ἑαυτοῖς,
1524 2510 1774 2591 ἔχοντες
1818 2509 1929 2574 καὶ
1966 2507 2138 2595 θεὸν,
2179 2509 2284 2595 ἐφ’
2315 2499 2413 2585 οἷς

215 2608 717 2696 βεβουλεύμεθα,
764 2613 1123 2692 συνειδότα,
1180 2608 1266 2688 αἷς
1306 2607 1450 2676 οὔθ’
1495 2608 1866 2696 ἡττηθέντες
1912 2610 2100 2698 λύπῃ,
2158 2605 2287 2674 οὔτ’
2332 2606 2417 2673 εἴ·

220 2712 433 2784 ξαντες
477 2708 731 2797 ἀκαίρῳ
756 2711 994 2797 θράσει
1026 2711 1137 2777 καί
1161 2711 1536 2800 παραβόλῳ,
1561 2707 1669 2777 οὔτ
1688 2711 2057 2797 ἐπράξαμεν
2081 2704 2209 2775 οὔτ’
2232 2711 2416 2794 ἐβου-
2531 2742 2542 2753 ²

359 2822 443 2877 14.
510 2823 671 2895 Lege
708 2807 788 2880 ὧν
834 2824 1216 2898 ἕπιτέταγμαι,
1273 2835 1329 2879 ut
1374 2844 1561 2880 sensus
1613 2826 1740 2880 loco
1782 2833 2007 2881 constet.
2098 2825 2185 2879 15.
2220 2816 2421 2896 τάχους

356 2899 588 2964 correxi,
627 2914 746 2951 cum
785 2898 955 2967 vulgo
1000 2908 1139 2953 esset
1181 2889 1365 2970 τάχος.

222 2979 427 3035 libavit.
498 2984 580 3037 Ac
618 2987 1003 3054 imperatorum
1043 2987 1262 3056 quidem
1319 2986 1388 3038 lis
1438 2993 1493 3039 et
1528 2987 1902 3038 controversia
1937 2987 1990 3037 in
2029 2984 2235 3036 iudicio
2273 2983 2426 3039 hunc

221 3053 370 3106 tinem
404 3055 544 3107 tulit.
620 3056 798 3111 Tertio
840 3066 964 3127 post
1001 3059 1091 3112 die
1142 3060 1325 3111 senior
1361 3074 1556 3127 magno
1594 3059 1896 3110 domestico
1937 3072 2035 3125 per
2073 3062 2273 3107 certum
2311 3054 2419 3106 ho-

196 3128 409 3193 *minem
460 3130 710 3194 mandat,
774 3138 830 3181 nt
887 3132 943 3182 in
1001 3131 1450 3199 Peloponnesum,
1509 3131 1558 3182 ei
1617 3129 1981 3198 praefuturus,
2036 3127 2302 3179 discedet:
2359 3127 2416 3179 id

223 3198 360 3263 quod
397 3202 570 3252 statim
615 3216 717 3268 pro
756 3204 979 3253 sinistro
1024 3205 1257 3271 augurio
1314 3204 1430 3254 fuit.
1510 3202 1613 3254 Sed
1674 3217 1781 3269 quo
1822 3217 1906 3253 res
1945 3202 2204 3266 tantisper
2242 3206 2419 3251 extra-

222 3266 448 3337 heretur,
486 3273 609 3324 dum
659 3287 822 3340 super
859 3274 963 3325 boc
1014 3275 1262 3326 mandato
1323 3289 1493 3342 nepos
1550 3276 1750 3326 certior
1791 3273 1959 3336 fleret,
2001 3272 2140 3323 haec
2192 3269 2278 3323 illi
2319 3287 2420 3340 per

224 3340 597 3395 internuntium
638 3346 947 3412 respondit:
990 3347 1106 3397 eius
1145 3362 1275 3415 erga
1300 3361 1356 3397 se
1385 3345 1807 3397 benevolentiae
1844 3360 2114 3412 curaeque
2154 3359 2270 3395 cum
2309 3342 2418 3395 alin

222 3426 321 3463 non
362 3413 504 3466 levin
543 3422 854 3484 argumenta
893 3417 1137 3484 proferre
1188 3433 1382 3484 posse,
1432 3424 1538 3468 tum
1591 3417 1729 3469 illud
1789 3416 2061 3484 inprimis,
2121 3416 2264 3485 quod
2323 3414 2447 3466 ul-‘

224 3489 299 3534 tro
336 3491 387 3536 et
419 3495 743 3556 sna‘sponte
782 3488 885 3539 sibi
946 3504 1120 3555 paene
1171 3489 1346 3540 adhuc
1391 3504 1562 3556 puero
1602 3490 1941 3558 magistratus
1979 3487 2232 3551 dedisset,
2273 3486 2416 3539 civi-

224 3560 346 3606 tates
381 3564 434 3609 et
481 3561 748 3612 exercitus
797 3562 1064 3628 regendos
1103 3563 1468 3612 commisisset.
1544 3559 1611 3612 Et
1672 3561 1776 3613 hoc
1833 3563 2027 3629 ipsum,
2071 3562 2216 3628 quod
2253 3560 2415 3611 modo

228 3626 518 3696 imperaret,
574 3632 640 3697 ad
700 3631 1003 3699 singulares
1063 3634 1235 3700 ipsine
1283 3633 1540 3684 maiestati
1605 3635 1803 3701 gratias
1857 3631 2096 3701 agendas
2142 3630 2414 3682 stimulum

226 3695 319 3750 sibi
355 3701 568 3754 addere.
644 3701 862 3771 Rogare
911 3712 1107 3770 sutem,
1160 3704 1295 3756 hanc
1345 3720 1502 3756 unam
1552 3707 1773 3771 gratiam
1825 3705 2102 3766 adiiceret,
2156 3716 2419 3769 praesen-

226 3773 317 3820 tem
353 3772 493 3825 diem
544 3773 611 3827 ad
651 3774 1061 3827 deliberandum
1108 3775 1212 3827 sibi
1251 3778 1611 3828 concederet:
1651 3778 1879 3828 crastina
1919 3774 2044 3825 luce
2094 3772 2162 3825 de
2198 3772 2421 3824 manda-

225 3839 289 3890 tit
319 3858 713 3913 responsurum.
780 3845 924 3899 Haec
963 3849 1027 3900 nd
1067 3862 1242 3900 avum.
1302 3849 1382 3901 Ad
1418 3857 1668 3915 nepotem
1706 3862 1837 3900 vero
1874 3848 1993 3897 sine
2031 3860 2179 3897 mora
2212 3844 2421 3910 abiens,

228 3924 492 3977 praesente
552 3919 713 3970 etiem
777 3926 1187 3986 protostrator-e,
1246 3921 1374 3987 quid
1432 3922 1487 3972 in
1550 3919 1812 3971 mandatis
1868 3919 2163 3983 acceperit,
2216 3923 2417 3975 narrat.

230 3980 339 4037 Tum
377 4004 483 4040 rem
524 4005 555 4041 ιι
594 3990 771 4057 capite
826 3992 1223 4056 arcessendam,
1274 3999 1328 4043 et
1376 3992 1444 4044 de
1487 3992 1701 4060 integro
1752 3989 2155 4041 consultandum
2201 3989 2417 4042 videri:

232 4068 390 4125 neque
444 4064 586 4113 enim
642 4062 708 4115 ad
753 4078 933 4123 unum,
995 4064 1088 4116 sed
1129 4063 1194 4115 ad
1250 4078 1433 4115 omnes
1489 4062 1842 4114 communiter
1890 4060 2188 4128 periculum
2241 4061 2417 4127 perti-

232 4139 357 4181 nere.
449 4130 670 4186 Initium
722 4133 854 4186 iecit
890 4137 1077 4187 iunior
1130 4137 1442 4202 imperator,
1503 4133 1733 4203 loquens
1779 4133 1962 4185 'verba
2026 4131 2421 4186 huiuscemodi.

233 4193 394 4254 Testes
431 4205 535 4272 ipsi
572 4206 732 4258 nobis
774 4220 955 4258 sumus
994 4213 1049 4258 et
1087 4208 1244 4259 deum
1302 4206 1586 4259 habemus·
1619 4207 1896 4258 conscium
1937 4220 2145 4269 eorum,
2182 4218 2323 4271 qnae
2363 4204 2417 4255 in

237 4274 846 4347 consiliis‘egitavimus:
883 4279 1138 4348 quodque
1175 4294 1280 4331 nec
1310 4279 1682 4331 moestitudini
1720 4276 2148 4341 succumbentes,
2186 4290 2290 4327 nec
2329 4275 2421 4327 in-

237 4344 562 4414 tempestivae
610 4357 667 4404 et
716 4351 1151 4405 inconsideratae
1207 4352 1469 4406 audaciae
1510 4352 1780 4404 cedentes.
1817 4348 2105 4419 quidquam
2163 4347 2419 4400 iniustum
