2982 4913
649 239 809 328 158
1459 261 2024 332 emmenum

360 438 423 492 A.
443 434 641 492 caan-2
653 414 961 509 στρατιᾶς
984 417 1405 502 ἆκοῦσαντες,
1454 412 1559 483 ὅτι
1589 420 1710 501 μὲν
1749 413 2228 495 κατασκευάζων
2250 412 2509 480 τοιαῦτα
2545 410 2581 478 ὅ
2616 414 2822 498 μέγας

598 522 1018 603 Οδομέστικος
1060 521 1465 606 ἐδημηγόρει,
1507 512 1772 606 ᾔσθοντο
1799 510 1937 580 οὔδ’
1966 517 2076 579 ἐπὶ
2114 510 2374 599 μικρόν.
2452 510 2823 593 νομίσαντες

645 623 718 686 δὲ
754 620 868 685 οὐκ
903 612 1173 683 ἄλλοθέν
1212 623 1408 684 ποθεν
1444 614 1642 682 αὕτόν
1678 613 2069 680 αἰνίττεσθαι
2103 613 2370 696 βεβαίαν
2401 607 2671 675 ἔσεσθαι
2707 606 2825 693 τήν

643 716 926 803 εἰρήνην,
966 712 1009 801 ἢ
1045 715 1169 782 α’πό
1215 720 1333 781 τοῦ
1371 717 1640 799 βασιλέα
1671 712 1779 780 τὸν
1820 711 1957 778 νέον
1989 706 2071 797 ἦν
2107 734 2179 776 τε
2223 720 2474 792 κατεῖχε
2514 704 2825 803 πρότερον

643 826 876 902 μοῖραν
905 820 1016 902 τῆς
1064 811 1269 903 ἀρχῆς
1320 814 1432 879 καὶ
1466 805 1563 880 ὧν
1611 810 2028 899 προσείληφεν
2070 812 2138 876 ἐν
2175 812 2261 899 τῷ
2306 813 2423 875 νῦν
2457 809 2711 895 πολέμῳ
2742 804 2861 872 τά5

584 974 591 981 .
646 915 839 981 πλείω
886 916 1278 999 κατασχόντα
1324 918 1391 990 ἐς
1427 912 1509 978 τοὶ
1547 913 1827 994 μάλιστα
1868 910 2166 994 γενέσθαι
2204 905 2475 973 δυνατόν
2497 957 2517 988 ,
2583 905 2700 971 τὸν
2756 907 2828 970 δὲ

646 1013 1072 1101 πρεσβύτερον
1102 1010 1485 1098 ἦσθενηκότα
1524 1010 1631 1076 διὰ
1671 1009 1741 1076 τὸ
1782 1013 1893 1095 τῆς
1944 1004 2147 1095 ἀρχῆς
2196 1002 2576 1097 ἀφῃρῆσθαι
2620 1000 2828 1069 πολλοὶ

650 1111 1071 1198 ἀτολμότερον
1102 1110 1255 1197 πρὸς
1286 1111 1359 1177 τὸ
1400 1113 1790 1197 νεωτερίζειν
1826 1102 1903 1174 ἂν
1946 1110 2281 1192 γενέσθαι,
2323 1106 2434 1171 καὶ
2465 1107 2686 1171 δίκαια
2723 1104 2833 1167 καὶ

649 1213 1059 1299 συμφέροντα
1103 1210 1331 1286 πάντες
1362 1206 1536 1275 εἶπον
1567 1207 1904 1292 τὸνμέγαν
1930 1208 2295 1288 δομέστικον
2325 1201 2836 1292 εἰρηκέναι,,και“

651 1309 951 1395 τοιαύτην
1002 1310 1134 1375 δεῖν
1165 1308 1568 1396 ἐθορύβησαν
1621 1305 1739 1392 τήν
1779 1305 2028 1393 εἰρήνην
2070 1303 2268 1372 εἶναι.
2331 1304 2367 1369 ὅ
2409 1300 2713 1388 βασιλευς
2762 1306 2904 1370 δὲιο

653 1400 778 1494 ἤδη
823 1416 952 1485 τοῖς
991 1407 1239 1484 οἰκείοις
1292 1405 1502 1492 λόγοις
1556 1407 1792 1483 πάντας
1829 1402 2485 1491 προκατειλημμένους
2529 1405 2834 1487 συνορῶν,

593 1502 894 1590 Β,,κοῖμοι“
918 1503 995 1572 τοὶ
1026 1503 1176 1571 ἴσα”
1204 1501 1340 1572 εἷπε
1363 1507 1712 1589 ,,συνδοκεῖ·
1756 1502 1844 1584 τό,
1880 1527 1948 1569 τε
1972 1501 2093 1589 γὰρ
2134 1501 2296 1589 πρὸς
2326 1497 2633 1587 ἆλλήλους
2666 1499 2836 1584 ἡμᾶς

649 1613 965 1688 πολεμεῖν,
996 1605 1107 1670 καί
1128 1599 1345 1682 αὐτοῖς
1382 1601 1535 1691 ἡμῖν
1569 1603 1678 1668 καί
1706 1612 1836 1680 τοῖς
1859 1598 2159 1687 ὑπηκόοις
2192 1596 2588 1677 ἀλυσιτελές·
2626 1599 2742 1664 καὶ
2766 1594 2837 1664 τὸ

555 1722 559 1730 ’
650 1704 1050 1790 παράδειγμα
1071 1705 1294 1770 οἰκεῖον
1330 1703 1628 1787 μάλιστα,
1657 1694 1708 1794 ᾦ
1730 1701 2134 1789 προσείκασεν
2175 1701 2212 1766 ὅ
2233 1702 2434 1785 μέγας
2469 1700 2837 1781 δομέοτικος

648 1801 758 1877 τὸν
791 1801 952 1891 πρός
987 1801 1294 1889 ἀλλήλους
1318 1801 1591 1885 πόλεμον
1618 1798 1816 1887 ἡμῶν.
1858 1794 2090 1886 ἇνάγκη
2116 1796 2237 1886 γὰρ
2264 1800 2436 1882 ὑμᾶς
2461 1820 2530 1863 τε
2549 1793 2708 1874 τούς
2736 1797 2838 1864 ὑπ’
2847 1799 2912 1865 15

650 1903 1036 1989 ἀμφοτέροις
1065 1902 1604 1988 στρατευομένους
1633 1902 1702 1980 ἐν
1735 1907 1873 1976 ταῖς
1917 1897 2158 1982 μάχαις
2205 1894 2314 1963 ὑπ’
2357 1896 2644 1984 α’λλήλων
2682 1897 2842 1961 ἄπο-

650 1998 987 2086 θνήσκειν,
1028 1998 1140 2065 καὶ
1164 1998 1282 2076 τὰς
1315 1999 1583 2087 κτήσεις,
1617 2000 1683 2079 ἐξ
1716 1992 1807 2064 ὧν
1841 2001 1918 2065 αἵ
1948 2022 2016 2066 τε
2046 2000 2360 2063 ἰδιωτικαί
2396 1999 2509 2063 καί
2541 1993 2612 2062 αἱ
2644 1996 2845 2081 δημό-

651 2123 786 2166 σιοι
824 2095 1321 2185 διαφθείρεσθαι
1356 2096 1691 2184 πρόσοδοι.
1756 2102 1868 2162 καί
1889 2095 1962 2162 τὸ
1991 2096 2082 2182 μὴ
2119 2094 2384 2180 βεβαίαν
2416 2088 2649 2177 αὖθις,
2705 2094 2845 2161 ἀλλ’

652 2195 772 2284 ὑφ’
809 2195 1083 2260 ὁτουοῦν
1114 2194 1636 2285 Ιδιαλυθήσεσθαι
1687 2194 2207 2283 προσδοκωμένην
2258 2198 2556 2280 γενέσθαι
2592 2191 2711 2280 τήν
2751 2195 2844 2260 εἷ-

584 2326 587 2331 ·
655 2295 868 2384 ρήνην,
908 2293 1185 2376 μάλιστα
1224 2294 1597 2383 ἀσύμφορον
1625 2294 1802 2381 ἡμῖν.
1845 2292 1943 2361 διὸ
1976 2297 2080 2358 δεῖ
2103 2298 2540 2378 σκεψαμένους
2575 2292 2915 2375 αὖτουςρο

508 2404 650 2472 P.99
663 2396 875 2461 πᾶσαν
903 2390 1202 2482 πρότερον
1236 2394 1510 2477 πολέμου
1547 2392 1873 2483 πρόφασιν
1903 2400 2234 2482 περιελεῖν·
2269 2396 2544 2477 πολέμου
2572 2395 2646 2459 δὲ
2679 2394 2844 2481 πρό-

654 2518 851 2583 φασις
904 2496 1098 2559 πᾶσιν
1168 2488 1529 2581 ἀνθρώποις
1610 2487 1655 2579 ἢ
1710 2495 1993 2576 οἰόμενον
2046 2495 2411 2560 ἀδικεῖσθαι
2479 2488 2844 2575 ἀμύνεσθαι

654 2595 917 2676 ἐθέλειν,
956 2585 1001 2678 ἢ
1029 2595 1306 2677 πολέμου
1341 2586 1565 2681 ἄρχειν
1599 2590 1976 2680 αἱρούμενον
2008 2592 2266 2659 ἀδικεῖν·
2310 2590 2425 2660 ἐὰν
2451 2594 2525 2659 δέ
2550 2616 2650 2669 τις
2680 2586 2845 2679 ἇγα-

656 2779 718 2818 se
753 2760 1138 2834 obstringant?
1172 2762 1321 2816 Hace
1355 2762 1453 2816 ubi
1489 2761 1767 2834 principes
1802 2780 1865 2817 ac
1902 2761 2109 2815 milites
2144 2761 2370 2815 auribus
2393 2760 2711 2826 hauserunt,
2748 2767 2842 2815 ta-

656 2835 734 2887 lia
770 2852 890 2887 eum
929 2835 1111 2886 moliri
1158 2851 1378 2904 prorsus
1416 2852 1529 2886 non
1569 2844 1873 2888 senserunt.
1966 2833 2214 2953 Cumq¹ue
2267 2834 2659 2903 opinarentur,
2712 2849 2843 2885 ver-

656 2906 855 2958 borum
891 2903 1129 2975 quodam
1165 2904 1446 2958 involucro
1486 2904 1732 2959 indicare
1775 2904 2050 2967 voluisse,
2094 2921 2131 2974 p
2158 2921 2259 2955 ane
2307 2920 2421 2956 non
2456 2905 2618 2955 aliter
2653 2919 2844 2970 pacem

656 2984 981 3048 perpetuam
1019 2982 1264 3027 constare
1306 2975 1505 3045 posse,
1542 2993 1706 3045 quam
1744 2976 1792 3028 si
1828 2975 2042 3037 iunior,
2090 2981 2304 3025 retenta
2349 2990 2509 3044 quam
2547 2973 2846 3025 obtinebat

657 3053 813 3118 parte
849 3046 1088 3116 imperii,
1131 3045 1259 3108 illis,
1297 3061 1438 3116 quac
1476 3044 1582 3097 hoc
1619 3046 1767 3098 bello
1808 3045 2153 3116 acquisierat,
2191 3043 2486 3106 adiunctis,
2527 3044 2841 3113 possessio-

657 3133 787 3169 nem
825 3117 1182 3187 amplificaret
1217 3124 1380 3185 atque
1432 3116 1510 3167 ita
1550 3117 1803 3185 potentia
1855 3131 2059 3167 summa
2095 3115 2365 3184 polleret,
2403 3114 2584 3166 senior
2632 3122 2845 3177 contra,

659 3187 895 3255 imperio
931 3199 1029 3237 suo
1062 3202 1388 3255 magnopere
1430 3183 1726 3250 diminuto,
1765 3193 2083 3248 enervatus,
2131 3202 2217 3237 res
2252 3200 2418 3235 novas
2453 3186 2633 3236 minus
2672 3184 2849 3237 aude-

662 3265 783 3321 rct;
820 3272 941 3307 cum
979 3258 1095 3319 ita,
1144 3257 1407 3327 inquam,
1444 3257 1776 3324 cogitarent,
1814 3256 2015 3308 iustam
2050 3261 2106 3307 ct
2139 3254 2333 3307 utilem
2371 3252 2660 3306 domestici
2712 3272 2846 3307 ora-

659 3326 872 3378 tionem
908 3325 1077 3377 fuisse
1116 3341 1303 3378 omnes
1344 3332 1697 3386 autumarunt
1733 3335 1792 3379 et
1829 3324 2139 3378 istiusmodi
2175 3341 2361 3395 pacem
2389 3324 2686 3377 ineundam
2718 3342 2850 3377 suc-

660 3394 980 3447 clamarunt.
1065 3396 1364 3463 Imperator
1400 3395 1656 3447 familiari
1697 3398 1947 3449 oratione
1985 3398 2094 3448 iam
2133 3403 2553 3464 praeoccupatos
2593 3397 2852 3448 omnium

582 3505 587 3510 .
660 3464 870 3516 animos
912 3465 1089 3516 intelli
1130 3482 1252 3528 ens,
1292 3467 1360 3517 Et
1396 3464 1537 3516 mihi
1564 3464 1749 3520 eadem
1777 3469 2052 3519 sententia
2082 3475 2182 3530 est,
2219 3465 2434 3535 inquit,
2472 3482 2614 3536 quae
2644 3482 2850 3536 magno

659 3531 973 3586 domestico.
1114 3551 1201 3587 am
1257 3535 1579 3605 belligerare
1633 3553 1722 3589 mc
1767 3554 1891 3590 eum
1932 3554 2061 3600 avo,
2112 3537 2245 3605 ipsis
2293 3534 2453 3587 nobis
2505 3537 2855 3607 populisque

657 3605 860 3673 nostris
897 3603 1294 3669 incommodat3
1336 3613 1391 3657 ct
1431 3605 1706 3675 parabola,
1820 3625 1851 3659 a
1887 3606 1983 3658 ille
2019 3605 2235 3659 bellum·
2261 3613 2508 3659 nostrum
2545 3607 2854 3674 expressit,

661 3691 777 3727 rem
816 3675 1048 3727 maxime
1088 3682 1215 3727 aute
1250 3675 1437 3727 oculos
1472 3678 1649 3745 ponit.
1723 3626 1955 3730 &cesse
1992 3687 2076 3730 est
2110 3675 2382 3748 siquidem
2419 3682 2477 3726 ct
2527 3693 2660 3738 vos,
2705 3678 2855 3729 alte-

660 3744 801 3798 rutri
832 3746 1130 3797 militantes
1153 3782 1169 3807 ,
1209 3745 1266 3795 in
1305 3762 1483 3814 pugna
1521 3747 1785 3812 interfici,
1840 3757 1897 3801 et
1930 3765 2080 3817 agros
2129 3765 2192 3799 ac
2223 3744 2480 3815 praedia,
2533 3745 2686 3799 unde
2743 3764 2854 3816 pu·-

658 3813 806 3868 bliea
846 3815 1508 3900 privataque-vectigalia,
1545 3811 1826 3869 devastari.
1869 3819 2056 3871 Pacem
2112 3833 2295 3870 rursus
2346 3833 2449 3867 uec
2501 3826 2854 3870 constantem

661 3892 721 3937 et
755 3886 991 3940 validam
1015 3924 1030 3949 ,
1071 3884 1167 3937 sed
1205 3886 1460 3956 qualibet
1491 3888 1778 3940 occasione
1814 3883 2167 3958 frangendam
2200 3887 2373 3950 inire,
2419 3885 2582 3939 nobis
2621 3904 2851 3957 prorsus

660 3955 879 4008 inutile.
953 3956 1158 4009 Idcirco
1196 3973 1310 4012 rem
1351 3973 1451 4007 nos
1489 3956 1761 4011 discutere
1809 3976 1873 4011 ae
1905 3960 2056 4029 prius
2104 3974 2323 4012 omnem
2369 3954 2508 4007 belli
2558 3960 2852 4011 materiam

658 4032 940 4093 amputare
994 4027 1074 4077 fas
1133 4034 1231 4079 cst.
1317 4025 1603 4079 Materiam
1653 4045 1816 4099 porro
1887 4037 1944 4096 et
1992 4046 2177 4084 causas
2234 4027 2371 4080 belli
2422 4025 2589 4080 hasce
2658 4043 2850 4080 omues

658 4095 916 4148 mortales
951 4093 1195 4161 habent,
1229 4091 1319 4149 vel
1359 4113 1479 4149 cum
1521 4115 1579 4150 se
1619 4098 1797 4151 laesos
1834 4107 2059 4183 putant,
2106 4106 2171 4152 ut
2215 4097 2446 4149 iniurias
2484 4099 2846 4159 ulciscantur,

660 4164 751 4225 vel
767 4200 786 4233 ,
817 4174 884 4220 ut
918 4165 1120 4240 quibus
1152 4167 1382 4223 inisti-ias
1437 4167 1642 4223 inferre
1683 4176 2119 4237 constituerunt,
2173 4166 2396 4223 cosdem
2430 4171 2596 4224 armis
2631 4168 2850 4240 priores
