2982 4913
1130 331 1606 398 PRAEFATIO.
2299 342 2438 405 xm

280 507 629 591 planissime
655 505 995 587 pertinent:
1064 506 1167 587 qui
1202 526 1325 586 quo
1364 515 1541 586 pacto
1582 499 1862 587 σωτηρία
1894 504 2016 568 τῶν
2059 506 2439 589 πραγμάτων

278 608 463 668 fuerit
479 650 500 683 ,
544 604 796 688 legendo
833 605 1063 666 disces:
1123 615 1184 665 et
1206 603 1359 665 nihil
1401 606 1603 667 verius
1644 604 1761 665 dici
1789 608 2053 688 potuisse
2096 610 2438 676 constitues.

282 705 395 766 llla
430 702 709 765 similiter
755 705 819 764 in
869 723 1049 787 quem
1093 701 1321 782 alium,
1391 724 1659 787 quaeso,
1717 706 1834 765 nisi
1869 706 1933 766 in
1971 706 2249 768 eumdem
2285 730 2436 790 qua-

277 804 460 865 drant
480 847 500 882 ,
550 801 772 885 quibus
812 823 951 863 eum
988 800 1163 864 Nilus
1194 801 1275 863 ab
1302 802 1587 885 exemplis
1615 807 2011 885 nostratium,
2066 817 2436 868 exterorum·-

276 924 397 985 que
436 901 802 983 scriptorum
839 902 1047 962 incitat
1065 943 1085 980 ,
1148 902 1240 986 uti
1284 911 1419 962 acta
1471 922 1582 963 sua
1620 905 1945 965 memoriae
1994 906 2245 987 ipsemet
2291 926 2436 988 pro-

280 1000 432 1061 dat?
486 992 627 1062 ἔστι
675 997 750 1059 δὲ
781 999 887 1061 και
917 998 1009 1072 εἰς
1041 997 1442 1083 παράδειγμα
1471 994 1584 1082 τήν
1624 999 1937 1117 ἡμετέραν
1982 998 2247 1066 ἱκετείαν
2291 996 2438 1066 ἆνε-

276 1103 529 1178 νεγκεῖν.
613 1116 697 1159 αν
723 1117 792 1160 τε
823 1091 945 1182 γάρ
989 1117 1139 1171 τους
1171 1094 1444 1179 ἔξωθεν,
1488 1121 1569 1161 αν
1607 1118 1680 1160 τε
1726 1119 1878 1173 τους
1914 1096 2250 1186 ἡμετέρους
2293 1099 2438 1185 ἦγε-

276 1192 479 1276 μόνας
520 1196 925 1281 ἕνθυμηθῇς,
982 1189 1278 1278 οὖδαμῶς
1316 1195 1628 1284 ἀτιμάσῃς
1662 1195 1780 1282 τὴν
1818 1193 2122 1284 ἱστορίαν,
2178 1201 2290 1263 και
2323 1190 2437 1263 οὗ·

278 1317 380 1360 τοι
418 1292 574 1379 γὰρ,
634 1286 911 1357 κᾶκεῖνοιέ
956 1293 1067 1359 ἐπὶ
1104 1291 1180 1358 τὸ
1230 1293 1621 1382 συγγράφειν
1669 1296 1956 1381 καθ-ἧκαν
1995 1290 2294 1378 ἑαυτοὺς,
2353 1297 2433 1360 οὖ

278 1390 474 1478 μικροὶ
508 1391 623 1457 τὸν
654 1385 1046 1477 ἇνθρώπινον
1070 1396 1209 1477 βίον
1240 1395 1312 1459 ἐκ
1349 1391 1653 1460 τοιούτων
1687 1392 1934 1480 ὄνὴσειν
1971 1391 2258 1477 οἰόμενοι.
2300 1399 2435 1460 Nec

278 1515 432 1557 vero
477 1507 647 1558 caret
680 1495 970 1578 exemplo
990 1541 1011 1575 ,
1063 1495 1245 1580 quod
1287 1497 1399 1560 abs
1442 1509 1504 1559 te
1527 1496 1822 1583 petimus.
1901 1496 2152 1560 Etenim
2180 1497 2310 1558 sive
2346 1494 2441 1558 ad

286 1607 583 1656 externos
600 1638 627 1667 ,
680 1595 811 1656 sive
849 1596 943 1656 ad
980 1601 1294 1658 nostrates
1331 1597 1485 1660 belli
1515 1596 1702 1658 duces
1739 1598 2086 1675 respicias,
2144 1617 2272 1659 non
2304 1616 2434 1682 po-

283 1694 442 1754 teris
474 1693 592 1754 hoc
609 1712 801 1773 genus
833 1696 1196 1777 scriptionis
1227 1707 1636 1759 contemnere.
1726 1696 1971 1779 Quippe
2010 1708 2137 1757 tum
2166 1697 2256 1775 lu’,
2298 1709 2432 1758 tum

274 1791 382 1852 illi
409 1793 532 1855 buc
571 1794 818 1875 pariter
861 1814 928 1854 se
969 1793 1377 1871 demiserunt,
1420 1814 1549 1855 non
1580 1814 1809 1877 parum
1833 1794 1984 1855 inde
2015 1796 2284 1856 humano
2320 1816 2435 1875 ge-

274 1891 412 1952 neri
453 1892 801 1954 consultum
843 1894 934 1953 iri
964 1895 1364 1956 arbitrantes.
1460 1892 1628 1971 Quid
1671 1891 1836 1975 quod
1874 1891 1951 1952 de
1989 1913 2098 1953 sua
2125 1912 2263 1953 cum
2298 1892 2435 1953 An-

276 1989 525 2051 dronico
567 1994 1052 2053 coniunctissima
1071 2036 1090 2071 ,
1160 1991 1623 2076 fidelissimaque
1662 1993 1926 2054 amicitia
1961 1990 2069 2074 (de
2110 2013 2229 2075 qua
2263 1995 2434 2075 equi-

273 2088 409 2149 dem
458 2093 727 2172 cogitans
746 2136 765 2169 ‚
833 2090 1011 2152 simul
1076 2091 1154 2153 de
1191 2091 1444 2154 Davidis
1465 2136 1484 2172 ,
1560 2101 1622 2153 et
1661 2090 1949 2152 Ionathae
1991 2089 2436 2153 devinctissima

274 2187 677 2251 familiaritate
706 2192 941 2273 cogito:
1003 2191 1080 2253 de
1111 2192 1331 2274 quibus
1376 2192 1668 2272 seriptum
1707 2190 1958 2272 legimus
1981 2234 2000 2269 ,
2060 2189 2290 2251 Anima
2331 2189 2436 2252 Io·

272 2289 499 2351 nathae
529 2290 957 2370 conglutinata
995 2304 1087 2352 est
1115 2294 1359 2353 animae
1391 2290 1702 2352 Davidis:
1741 2302 1802 2350 et
1831 2288 2067 2350 dilexit
2091 2309 2229 2349 eum
2253 2290 2438 2371 quasi

270 2388 547 2449 animam
578 2406 793 2475 suam3
870 2411 1146 2451 rursum:
1207 2390 1412 2453 Doleo
1456 2408 1646 2475 super
1697 2402 1793 2463 te,
1842 2386 2065 2471 frater
2114 2389 2205 2448 mi
2243 2389 2437 2448 Iona·

271 2488 376 2547 tha
396 2532 414 2561 ,
484 2488 716 2551 decore
765 2490 952 2551 nimis
970 2536 994 2563 ,
1067 2504 1129 2553 et
1184 2490 1470 2553 amabilis
1522 2507 1712 2572 super
1759 2507 2036 2550 amorem
2086 2487 2436 2566 mulierum)

270 2607 391 2648 non
436 2590 556 2648 nisi
598 2591 853 2671 ipsemet
897 2592 981 2651 ita
1042 2589 1399 2669 συμπαθῶς
1454 2599 1517 2650 et
1564 2586 1840 2671 ἐναργῶς
1883 2586 2146 2648 scribere
2194 2589 2437 2668 potuit?

271 2687 433 2768 quod
478 2687 726 2769 quidem
780 2710 1208 2772 saepenumero
1262 2690 1425 2756 facit.
1527 2688 1626 2749 sic
1690 2687 1951 2749 solemus
1969 2730 1989 2767 ,
2063 2685 2431 2767 frequenter,

268 2787 515 2868 inquam
537 2830 557 2864 ,
598 2808 939 2871 magnoque
971 2810 1110 2850 eum
1144 2810 1322 2850 sensu
1365 2787 1442 2848 de
1486 2790 1561 2849 iis
1595 2775 1762 2869 lo'qui
1782 2831 1802 2868 ,
1847 2808 1917 2847 ac
1947 2786 2233 2863 scribere,
2277 2805 2435 2865 quae

269 2898 376 2946 aut
422 2886 696 2948 absentia
746 2888 927 2949 valde
976 2892 1040 2949 in
1088 2889 1397 2951 desideriis
1414 2934 1434 2968 ,
1512 2898 1617 2950 aut
1661 2888 2000 2969 praesentia
2047 2884 2434 2946 vehementer

266 2985 443 3046 nobis
484 2988 551 3045 in
596 2988 901 3050 amoribus
948 2999 1109 3050 sunt.
1223 2988 1352 3049 Nec
1394 2986 1552 3048 alius
1595 2997 1724 3048 tam
1769 2986 2001 3044 diserte
2035 2983 2112 3043 de
2159 2991 2434 3041 recusato

266 3086 443 3146 toties
495 3087 749 3168 imperio
781 3131 802 3167 ,
877 3088 955 3148 de
1010 3087 1288 3150 libertate
1335 3085 1499 3169 apud
1551 3083 1972 3146 Andronicum
2023 3100 2132 3142 sua
2147 3125 2167 3161 ,
2240 3078 2435 3162 deque

268 3184 667 3266 amplitudine
727 3190 1036 3268 potestatis
1089 3209 1274 3272 quam
1338 3187 1697 3249 obtinuisset
1715 3228 1734 3262 ,
1821 3185 2059 3266 praefer
2109 3183 2435 3262 ipsummet

269 3303 521 3345 narrare
562 3284 857 3349 voluisset
874 3333 895 3369 ,
971 3290 1203 3350 etiamsi
1253 3289 1567 3370 potuisset.
1677 3283 2023 3365 Scripturae
2059 3290 2299 3342 sanctae
2334 3279 2434 3339 t'o-

268 3384 384 3443 ties
422 3385 755 3466 productae
773 3432 792 3466 ,
852 3399 913 3449 et
953 3389 1286 3450 monastica
1320 3385 1637 3470 disciplina
1675 3405 1800 3445 non
1845 3380 2028 3443 semel
2061 3391 2186 3440 tam
2219 3381 2435 3439 eximie

268 3483 611 3562 praedicata
632 3529 651 3564 ,
713 3497 894 3569 atque
941 3490 1122 3548 etiam
1170 3508 1281 3569 per
1326 3497 1516 3547 totam
1561 3485 1874 3545 historiam
1915 3500 2157 3563 sparsae
2187 3487 2278 3538 tot
2301 3479 2432 3558 pie—

267 3582 409 3642 tatis
449 3594 630 3646 notae
649 3627 669 3664 ,
738 3606 864 3646 non
914 3586 1099 3647 alium
1160 3607 1344 3669 quam
1403 3583 1768 3646 monachum
1816 3579 1983 3642 olent
2002 3625 2021 3660 ‚
2089 3576 2286 3660 qualis
2330 3574 2433 3637 ille

266 3688 403 3740 tum
434 3694 566 3744 erat
584 3727 603 3763 ,
662 3704 802 3745 cum
845 3686 995 3747 haec
1030 3686 1252 3747 chartis
1282 3684 1616 3749 mandaret.
1698 3679 1952 3743 Dicendi
1990 3699 2208 3761 genus,
2265 3675 2433 3758 quod

264 3777 332 3839 in
374 3777 547 3842 libris
579 3794 791 3846 eontra
825 3786 1283 3848 Mahometanos
1304 3830 1324 3864 ,
1393 3795 1455 3847 et
1499 3784 1756 3845 Iudaeos
1797 3783 1864 3842 in
1897 3780 2241 3841 defensione
2290 3775 2432 3835 fidei

266 3876 649 3943 Christianae
697 3883 1007 3969 adhibuit,
1081 3885 1220 3946 ideo
1253 3883 1543 3946 dissimile
1574 3893 1664 3944 est
1682 3925 1701 3962 ,
1758 3882 1901 3963 quia
1941 3878 2062 3939 illis
2105 3875 2431 3958 disputatio

265 3977 565 4056 quaedam
610 3992 903 4064 perpetua
972 3995 1033 4046 et
1099 3983 1408 4046 dialectiea
1461 3984 1699 4066 potius3
1757 3980 1857 4041 hic
1897 3978 2164 4038 narratio
2214 3972 2432 4035 diffusa

264 4086 327 4138 et
361 4081 709 4144 continuata
753 4085 1094 4167 suscipitur.
1176 4084 1443 4145 Proinde
1484 4095 1554 4144 ut
1594 4081 1712 4143 alia
1744 4080 1828 4141 ibi
1853 4124 1872 4158 ,
1929 4078 2046 4140 alia
2079 4075 2178 4136 hic
2221 4076 2298 4135 sit
2337 4073 2429 4132 fa-

267 4185 427 4266 cies,
472 4205 710 4250 neeesse
734 4197 842 4256 est.
944 4183 1056 4246 Illa
1095 4172 1339 4247 demum
1372 4182 1478 4246 lib.
1505 4180 1566 4262 4.
1600 4201 1737 4265 cap.
1771 4177 1872 4259 24.
1906 4188 1967 4240 et
2001 4173 2100 4237 25.
2145 4172 2429 4235 adversus
