2982 4913
550 911 576 969 ³
664 961 1105 1045 1Acoss1
1171 960 1759 1092 Pomm-1
1824 959 2576 1043 PRAEFATIO,

1421 1324 1865 1343 ἡ

551 1571 719 1699 Qui
760 1605 840 1669 de
872 1608 1119 1669 Graecis
1150 1608 1216 1666 ln
1254 1604 1545 1668 Latinum
1584 1615 1938 1666 convertere
1973 1604 2404 1689 aggrediuntur
2428 1649 2451 1685 ‚
2508 1618 2571 1667 et
2605 1606 2722 1668 bo-

550 1730 666 1774 nos
714 1711 1035 1790 scriptores
1093 1704 1282 1769 veluti
1330 1704 1614 1766 mortales
1675 1706 2021 1788 peregrinos
2045 1749 2066 1784 ,
2164 1715 2347 1787 atque
2395 1703 2479 1767 ab
2512 1709 2728 1768 exteris

556 1808 901 1892 regionibus
933 1805 1013 1868 ad
1048 1826 1114 1867 se
1140 1805 1509 1895 yentitantes
1529 1847 1550 1883 ,
1591 1803 1871 1885 'hospitio
1915 1803 2262 1865 humaniter
2328 1824 2401 1866 ac
2469 1802 2730 1889 benigne

549 1910 856 1992 'accipiunt
871 1951 892 1988 ‚
963 1922 1186 1988 eosque
1217 1907 1452 1988 patriae
1497 1923 1642 1963 suae
1679 1901 1949 1985 linguam
1967 1947 1988 1982 ‚
2043 1924 2248 1965 mores
2268 1947 2290 1984 ‚
2346 1913 2410 1964 et
2453 1904 2732 1966 instituta

553 2008 773 2068 docere
812 2015 1113 2067 conantur
1128 2046 1149 2083 ‚
1205 2024 1329 2086 quo
1373 2001 1623 2083 (contra
1668 2022 1853 2084 quam
1898 2001 2048 2064 olim
2097 2001 2263 2064 civili
2312 2001 2734 2083 Romanorum

555 2106 691 2166 iure
743 2103 1209 2188 permittebatur
1239 2146 1261 2184 ‚
1292 2116 1308 2126 ·
1328 2122 1442 2185 per
1501 2100 1666 2184 quod
1714 2100 1975 2165 duarum
2023 2102 2338 2163 civitatum
2395 2103 2549 2164 civis
2602 2122 2735 2163 esse

456 2196 462 2203 ’
556 2226 739 2266 nemo
778 2204 1053 2287 poterat)
1110 2205 1177 2264 in
1220 2212 1531 2286 posterum
1565 2221 1691 2262 non
1729 2203 1932 2263 minus
1976 2203 2138 2263 inter
2179 2201 2431 2262 Latinos
2451 2246 2473 2281 ‚
2543 2222 2734 2284 quam

555 2306 718 2365 inter
761 2306 1024 2364 Graecos
1062 2302 1330 2386 profiteri
1374 2310 1602 2383 queant
1618 2345 1639 2380 ,
1704 2322 1821 2362 nae
1857 2300 1948 2364 illi
1978 2322 2211 2363 munus
2240 2322 2389 2362 sane
2419 2300 2730 2384 pulcrum,

420 2406 427 2413 '
554 2402 833 2490 utilitatis
854 2448 876 2484 ‚
934 2401 1443 2485 iucunditatisque
1499 2398 1749 2484 plenum
1769 2422 1790 2463 ε
1829 2388 1844 2401 “
1876 2400 2038 2464 addo
2090 2403 2272 2464 etiam
2292 2445 2313 2481 ,
2371 2403 2491 2463 nisi
2537 2402 2604 2463 in
2659 2420 2735 2462 eo

559 2505 1044 2566 exercitationem
1088 2505 1213 2563 iam
1273 2503 1541 2584 ceperint
1561 2545 1581 2582 ‚
1653 2502 2013 2585 impeditum
2084 2521 2156 2563 ac
2207 2501 2598 2563 laboriosum⁸
2627 2521 2736 2582 ag-

557 2603 937 2686 grediuntur.
1020 2602 1187 2682 Quid
1235 2603 1399 2662 enim
1422 2645 1441 2681 ‚
1483 2601 1702 2662 amabo
1727 2646 1747 2683 ,
1790 2624 1934 2663 cum
1980 2603 2266 2664 universo
2311 2623 2530 2685 genere
2571 2599 2736 2686 litte-
2869 2613 2876 2618 “

556 2724 767 2765 rarum
788 2748 808 2785 ,
848 2713 984 2764 tum
1010 2701 1246 2764 duabus
1282 2702 1450 2763 hisce
1487 2701 1709 2785 linguis
1727 2747 1747 2782 ,
1792 2703 2024 2763 Graeca
2083 2701 2311 2763 scilicet
2370 2721 2441 2761 ac
2483 2701 2734 2777 Latina,

557 2803 781 2885 quibus
824 2802 1069 2865 divinae
1091 2848 1110 2882 ‚
1164 2787 1587 2885 humanaeque
1619 2813 1780 2864 artes
1799 2847 1819 2884 ,
1878 2813 1940 2864 et
1981 2803 2265 2878 scientiae
2297 2819 2506 2864 omnes
2537 2800 2739 2861 conti-

558 2913 782 2963 nentur
800 2948 819 2983 ,
892 2894 1259 2986 praeclarius
1272 2907 1304 2964 ⁴?
1399 2902 1551 2985 quid
1595 2901 1925 2986 elegantius
1941 2908 1973 2964 7
2044 2924 2306 2986 quarum
2365 2904 2438 2962 in
2475 2909 2738 2981 utraque

559 3014 881 3064 versantur
901 3048 920 3085 ,
986 3005 1093 3088 qui
1133 3002 1209 3064 de
1252 3001 1441 3064 altera
1478 3004 1547 3063 in
1596 3003 1849 3064 alteram
1895 3003 2059 3064 bona
2109 3004 2333 3086 scripta
2380 3001 2731 3078 transferre,

560 3111 623 3161 et
669 3101 745 3163 de
798 3102 1215 3165 doctrinarum
1261 3101 1594 3163 candidatis
1616 3146 1635 3180 ‚
1704 3123 1934 3184 perque
1975 3101 2111 3164 illos
2149 3101 2225 3163 de
2272 3101 2591 3163 hominum
2628 3119 2736 3182 ge-

561 3221 708 3261 nere
757 3223 942 3283 quam
994 3204 1224 3285 optime
1260 3205 1477 3262 mereri
1513 3201 1697 3284 (quod
1738 3205 1938 3285 ipsum
1980 3215 2072 3265 est
2105 3204 2384 3285 inprimis
2416 3198 2736 3279 laudabile)

565 3301 942 3362 annituntur.
1039 3304 1125 3365 Et
1161 3323 1307 3365 cum
1353 3304 1684 3363 etiamnum
1718 3302 1885 3364 haud
1923 3326 2116 3388 pauca
2161 3306 2228 3366 in
2272 3306 2519 3366 Graecis
2566 3300 2737 3362 codi-

565 3399 738 3462 cibus
759 3445 779 3480 ,
833 3422 945 3484 per
977 3401 1340 3466 illustriores
1369 3405 1880 3485 praepotentium·
1907 3426 1979 3466 ac
2042 3406 2388 3487 principum
2431 3405 2736 3479 virorum,

565 3509 628 3558 et
679 3501 1266 3584 rerumpublicarum
1327 3501 1731 3568 ,bibliothecas
1794 3502 2003 3563 abdita
2047 3514 2134 3564 et
2201 3502 2435 3564 inclusa
2483 3500 2737 3578 lateant,

565 3598 787 3679 quibus
828 3602 896 3661 in
948 3613 1223 3684 apertum
1272 3601 1538 3687 proditis
1586 3624 1850 3665 crescere
1867 3647 1888 3682 ,
1958 3623 2028 3666 ac
2080 3604 2401 3687 propagari
2441 3596 2637 3684 possit‘
2671 3600 2739 3658 in

564 3719 807 3760 omnem
842 3712 1077 3782 partem
1122 3715 1327 3767 nostra
1376 3702 1644 3768 eruditio
1664 3748 1685 3783 ,
1759 3718 1970 3765 eorum
2003 3697 2202 3763 studia
2220 3747 2239 3781 ‚
2298 3703 2405 3786 qui
2457 3699 2521 3761 id
2560 3718 2740 3781 prae-

565 3810 725 3861 stant
747 3845 766 3879 ,
808 3800 1072 3863 fructum
1115 3803 1272 3866 serre
1299 3825 1707 3892 permagnum
1744 3806 1880 3888 quis
1907 3803 2313 3866 inficiabitur?
2392 3799 2512 3862 Sed
2541 3818 2740 3880 quan·

563 3919 748 3980 quam
800 3898 972 3963 labor
1030 3904 1081 3964 is
1127 3904 1323 3976 adhuc
1371 3903 1682 3974 tironibus
1701 3947 1721 3981 ,
1794 3923 2247 3986 paucorumque
2299 3897 2741 3982 stipendiorum

565 3995 856 4061 militibus
920 4006 1230 4084 operosior
1278 4006 1498 4072 accidit
1514 4029 1534 4068 z
1614 4012 1947 4089 propterea
1996 4001 2162 4085 quod
2219 3996 2520 4084 permulta
2589 3998 2739 4059 vitia

565 4106 625 4156 et
660 4110 899 4178 peccata
944 4117 1272 4166 occurrunt
1291 4150 1310 4183 ‚
1369 4127 1526 4188 quae
1577 4109 1782 4167 vitare
1827 4101 2069 4163 difficile
2114 4112 2205 4162 est
2253 4100 2442 4181 (cuius
2488 4099 2572 4158 rei
2615 4116 2739 4156 non

564 4194 697 4262 leve
740 4214 1194 4288 argumentum,
1240 4204 1409 4292 quod
1448 4226 1590 4272 cum
1633 4209 1993 4287 inte-proteo
2022 4221 2212 4289 paene
2251 4192 2740 4276 innumerabiles,
