2982 4913
667 238 1073 307 Rumoms
1128 236 1560 306 PAlusmAE
1614 240 2089 308 PRAEFATIO.
2400 249 2478 312 IX

312 411 399 473 D.
434 408 515 471 de
538 410 778 494 Noyers
816 411 943 493 regi
979 409 1061 471 ab
1093 410 1319 472 intimis
1348 407 1614 471 consiliis
1649 420 1711 472 et
1757 415 2038 490 secretis,
2095 416 2265 476 cuius
2299 398 2496 480 curae

308 508 586 571 aedificia
645 512 812 593 regia
829 554 851 590 ,
929 519 1089 571 artes
1110 554 1130 589 ,
1194 511 1444 593 ipsaque
1503 511 1902 593 typographia
1977 515 2140 595 regia
2189 519 2479 597 permissa

305 620 451 671 eunt
467 653 487 686 ‚
555 629 672 690 pro
718 607 1007 692 singulari
1053 608 1425 670 humanitate
1461 629 1572 670 sua
1592 652 1612 687 ‚
1665 630 1899 693 proque
1929 612 2137 673 innato
2178 635 2301 675 non
2337 615 2477 677 vul-

307 711 440 792 gari
479 730 627 790 erga
656 707 890 770 litteras
924 707 1179 786 affectu,
1236 730 1498 790 quarum
1531 713 2022 791 propagationem
2055 711 2135 777 ad
2179 735 2477 777 summam
2601 788 2610 799 ,

306 805 751 890 rempublicam
805 809 1109 890 pertinere
1164 808 1358 891 probe
1413 810 1526 869 scit
1545 850 1565 887 ,
1636 811 1838 869 statim
1895 812 2191 892 optimum
2252 811 2478 876 factum

304 905 506 968 videri
552 906 670 967 sibi
702 907 1058 990 significavit
1076 951 1098 987 ,
1154 918 1226 969 ut
1260 904 1591 987 δίγλωττος
1634 906 1915 969 ederetur
1956 921 2169 972 auctor
2210 909 2346 974 luce
2379 913 2473 974 di-

306 1005 631 1086 gnissimus
650 1048 672 1083 ,
759 1027 883 1089 quo
930 1017 1219 1089 utrosque
1266 1007 1396 1068 voti
1448 1016 1756 1089 compotes
1800 1006 2054 1070 faceret:
2116 1020 2304 1093 utque
2345 1012 2475 1094 ipse

306 1103 762 1169 Cantacuzenus
795 1126 935 1167 eum
971 1108 1149 1168 tineis
1185 1115 1247 1168 et
1287 1103 1491 1167 blattis
1527 1126 1800 1190 pugnare
1842 1105 2139 1169 desineret
2156 1153 2176 1188 ,
2232 1112 2337 1192 qui
2381 1122 2476 1174 tot

304 1224 539 1286 pugnas
577 1215 904 1288 pugnasset
921 1250 941 1287 ,
984 1216 1199 1289 totque
1232 1205 1550 1268 hominum
1589 1216 1817 1288 strages
1841 1250 1863 1285 ,
1899 1209 2252 1291 priusquam
2296 1231 2332 1271 e
2375 1214 2473 1272 vi-

298 1322 527 1395 ·vorum
562 1325 822 1367 numero
861 1306 1254 1385 eximeretur,
1296 1304 1615 1367 edidisset:
1659 1327 1783 1388 quo
1824 1304 1982 1369 facto
2016 1310 2253 1391 egregio
2291 1329 2471 1373 nemo

299 1422 447 1466 sane
480 1405 716 1487 sapiens
752 1402 868 1466 ibit
895 1404 1124 1467 inficias
1138 1448 1160 1483 ,
1212 1400 1684 1467 illustrissimum
1726 1406 1929 1466 virum
1984 1409 2212 1489 optime
2239 1406 2318 1470 de
2366 1406 2469 1471 lit-

303 1505 459 1564 teris
503 1524 631 1566 esse
663 1505 1062 1586 promeritum
1081 1546 1101 1583 ,
1173 1523 1365 1589 eoque
1398 1506 1646 1567 nomine
1681 1506 1890 1567 unicas
1932 1508 1988 1567 ei
2022 1509 2245 1589 gratias
2284 1528 2467 1591 agen-

308 1598 440 1664 das.
519 1601 683 1681 Quin
708 1603 832 1663 imo
853 1646 875 1682 ,
919 1602 971 1663 si
1010 1599 1159 1684 quid
1195 1622 1401 1662 manes
1442 1605 1706 1664 sentiunt
1724 1646 1744 1681 ,
1786 1602 1851 1665 id
1891 1605 2004 1686 ipsi
2052 1606 2467 1668 Cantacuzeno

302 1702 781 1783 acceptissimum
804 1701 939 1763 sore
975 1698 1263 1762 credibile
1291 1711 1405 1780 est,
1443 1699 1609 1783 quod
1638 1702 1887 1763 Latinae
1922 1702 2160 1785 linguae
2188 1715 2248 1765 et
2276 1706 2466 1768 Grae-

304 1820 411 1862 cae
453 1798 720 1882 quodam
770 1800 1071 1863 consortio
1111 1799 1284 1882 quasi
1339 1797 1788 1882 quodammodo
1837 1801 1996 1861 inter
2047 1813 2314 1864 veterem
2353 1825 2468 1865 no-

300 1919 565 1983 vamque
619 1901 881 1962 Romam
926 1899 1084 1963 bene
1136 1900 1460 1963 convenire
1522 1899 1801 1961 videatur
1823 1944 1843 1981 ,
1923 1901 2088 1983 quod
2143 1900 2248 1964 ille
2291 1903 2470 1967 vivus

300 2001 706 2082 percupierat.
767 1999 902 2060 Hoc
941 1999 1128 2081 igitur
1166 1997 1392 2080 fruere,
1429 1999 1691 2079 Lector,
1734 2009 1795 2060 et
1824 1998 2182 2061 beneficium
2213 2020 2470 2083 agnosce

301 2102 419 2162 viri
439 2144 459 2181 ,
524 2120 648 2184 quo
680 2118 861 2161 nemo
901 2097 980 2160 ad
1020 2097 1212 2160 bonas
1256 2109 1417 2160 artes
1453 2098 1943 2180 promovendas,
2004 2110 2066 2160 et
2103 2101 2349 2162 eximios
2383 2100 2466 2161 ab

302 2212 431 2263 arte
474 2203 641 2263 viros
678 2198 975 2261 iuvandos
1019 2200 1376 2281 propensior
1415 2201 1611 2260 existit
1631 2242 1651 2277 ,
1709 2200 1761 2260 si
1810 2218 1935 2260 non
1965 2199 2234 2281 ingratus
2281 2210 2466 2283 atque

302 2300 380 2362 ab
418 2302 585 2363 omni
617 2299 992 2363 humanitate
1034 2298 1263 2359 alienus
1301 2318 1388 2359 es.
1471 2297 1654 2376 Quod
1686 2300 1735 2358 si
1767 2307 1830 2359 te
1870 2297 1968 2358 hic
1996 2319 2257 2381 aequum
2285 2320 2463 2381 prae-

300 2398 505 2463 bueris
524 2444 546 2480 ‚
625 2399 826 2483 primo
886 2419 1129 2482 quoque
1175 2407 1450 2481 tempore
1497 2416 1706 2459 omnes
1768 2395 2053 2461 historiae
2099 2399 2464 2481 Byzantinae

298 2503 622 2583 scriptores
648 2511 778 2563 tam
816 2498 1008 2561 editos
1029 2542 1049 2579 ,
1109 2520 1294 2582 quam
1326 2518 1517 2560 manu
1547 2508 1818 2559 exaratos
1849 2499 2011 2581 typis
2052 2499 2231 2580 regiis
2277 2497 2460 2559 eden-

298 2702 579 2783 auspiciis
606 2697 903 2782 prolaturi
933 2720 1141 2761 sumus
1158 2719 1178 2760 ε
1220 2697 1300 2772 de
1341 2717 1512 2758 cuius
1547 2698 1636 2758 rei
1668 2695 1928 2758 utilitate
1952 2694 2226 2780 plerique
2253 2716 2463 2758 omnes

296 2801 704 2862 consentiunt.
781 2799 913 2861 Vos
949 2800 1055 2882 qui
1091 2797 1320 2860 litteras
1363 2798 1580 2858 amatis
1600 2842 1620 2876 ,
1682 2795 1878 2858 favete
1896 2839 1915 2875 ,
1975 2807 2036 2857 et
2074 2794 2325 2857 consilio
2361 2798 2460 2856 iu-

295 2910 459 2961 vate.
540 2898 776 2978 Fama,
817 2900 1056 2980 virtus,
1109 2908 1171 2958 et
1212 2897 1362 2957 recti
1403 2915 1576 2957 amor
1626 2915 1765 2955 eum
1809 2895 2163 2974 deseruere,
2204 2895 2311 2974 qui
2358 2890 2461 2953 lit-

294 3008 456 3060 teras
483 3017 611 3059 non
646 3008 809 3061 amat
826 3041 848 3079 ,
905 3009 1009 3060 aut
1039 3017 1138 3060 eas
1168 2994 1425 3058 incultas
1474 2993 1729 3056 deserit:
1790 3005 1849 3054 et
1877 2993 2114 3076 penitus
2144 2990 2460 3074 inglorius,

296 3095 396 3157 vel
425 3096 653 3159 iudicio
688 3118 799 3160 suo
831 3118 944 3159 nec
981 3098 1272 3159 memoria
1292 3140 1311 3177 ,
1367 3114 1566 3178 neque
1605 3091 1819 3154 litteris
1852 3092 2103 3175 dignum
2130 3090 2460 3175 quidquam

297 3198 479 3278 goesit
496 3242 519 3277 ,
576 3196 684 3259 sed
715 3198 880 3281 quod
911 3208 1155 3259 aeterno
1185 3196 1423 3258 silentio
1458 3196 1651 3279 magis
1680 3193 2061 3258 obruendum
2097 3194 2176 3257 sit
2192 3237 2214 3277 ,
2276 3211 2459 3276 quam

162 3351 169 3356 .
295 3294 637 3361 litterarum
678 3300 1082 3364 monumentis
1126 3294 1561 3360 mandandum.
1642 3292 1820 3357 Vale.
