<?xml version="1.0" encoding="UTF-8"?>
<!DOCTYPE html PUBLIC "-//W3C//DTD XHTML 1.0 Transitional//EN"
    "http://www.w3.org/TR/xhtml1/DTD/xhtml1-transitional.dtd">
<html xmlns="http://www.w3.org/1999/xhtml" xml:lang="en" lang="en">
 <head>
  <title>
</title>
<meta http-equiv="Content-Type" content="text/html;charset=utf-8" />
  <meta name='ocr-system' content='tesseract 3.04.00' />
  <meta name='ocr-capabilities' content='ocr_page ocr_carea ocr_par ocr_line ocrx_word'/>
</head>
<body>
  <div class='ocr_page' id='page_1' title='image "./corpusscriptoru14berlgoog_0013.png"; bbox 0 0 2982 4913; ppageno 0'>
   <div class='ocr_carea' id='block_1_1' title="bbox 24 2227 25 2790">
    <p class='ocr_par' dir='ltr' id='par_1_1' title="bbox 24 2227 25 2790">
     <span class='ocr_line' id='line_1_1' title="bbox 24 2227 25 2790; baseline 0 0"><span class='ocrx_word' id='word_1_1' title='bbox 24 2227 25 2790; x_wconf 95' lang='lat' dir='ltr'><strong> </strong></span> 
     </span>
    </p>
   </div>
   <div class='ocr_carea' id='block_1_2' title="bbox 619 1159 1869 1283">
    <p class='ocr_par' dir='ltr' id='par_1_2' title="bbox 619 1159 1869 1283">
     <span class='ocr_line' id='line_1_2' title="bbox 619 1159 1869 1283; baseline 0.006 -44"><span class='ocrx_word' id='word_1_2' title='bbox 619 1159 1869 1283; x_wconf 57' lang='grc' dir='ltr'><strong>ΡΒΑΕΜΟΝΙΤΠΜ</strong></span> 
     </span>
    </p>
   </div>
   <div class='ocr_carea' id='block_1_3' title="bbox 176 1779 2319 2046">
    <p class='ocr_par' dir='ltr' id='par_1_3' title="bbox 176 1779 2319 2046">
     <span class='ocr_line' id='line_1_3' title="bbox 176 1779 2316 1914; baseline 0.007 -31"><span class='ocrx_word' id='word_1_3' title='bbox 176 1779 400 1884; x_wconf 84' lang='lat' dir='ltr'><strong>Hanc</strong></span> <span class='ocrx_word' id='word_1_4' title='bbox 458 1835 736 1886; x_wconf 79' lang='lat' dir='ltr'><strong>novam</strong></span> <span class='ocrx_word' id='word_1_5' title='bbox 784 1811 1096 1890; x_wconf 89' lang='lat' dir='ltr'><strong>Ioannis</strong></span> <span class='ocrx_word' id='word_1_6' title='bbox 1135 1816 1638 1895; x_wconf 88' lang='lat' dir='ltr'><strong>Cantacuzeni</strong></span> <span class='ocrx_word' id='word_1_7' title='bbox 1688 1815 2133 1914; x_wconf 83' lang='lat' dir='ltr'><strong>editionem,</strong></span> <span class='ocrx_word' id='word_1_8' title='bbox 2183 1846 2316 1896; x_wconf 86' lang='lat' dir='ltr'><strong>cu-</strong></span> 
     </span>
     <span class='ocr_line' id='line_1_4' title="bbox 178 1931 2319 2046; baseline 0.005 -40"><span class='ocrx_word' id='word_1_9' title='bbox 178 1931 279 2007; x_wconf 87' lang='lat' dir='ltr'><strong>ius</strong></span> <span class='ocrx_word' id='word_1_10' title='bbox 333 1959 547 2007; x_wconf 89' lang='lat' dir='ltr'><strong>nunc</strong></span> <span class='ocrx_word' id='word_1_11' title='bbox 615 1934 961 2038; x_wconf 89' lang='lat' dir='ltr'><strong>primum</strong></span> <span class='ocrx_word' id='word_1_12' title='bbox 1028 1940 1390 2017; x_wconf 79' lang='lat' dir='ltr'><strong>volumen</strong></span> <span class='ocrx_word' id='word_1_13' title='bbox 1449 1940 1748 2046; x_wconf 86' lang='lat' dir='ltr'><strong>prodit,</strong></span> <span class='ocrx_word' id='word_1_14' title='bbox 1814 1944 2115 2045; x_wconf 80' lang='lat' dir='ltr'><strong>reliqua</strong></span> <span class='ocrx_word' id='word_1_15' title='bbox 2159 1940 2319 2018; x_wconf 89' lang='lat' dir='ltr'><strong>duo</strong></span> 
     </span>
    </p>
   </div>
   <div class='ocr_carea' id='block_1_4' title="bbox 177 2060 2319 2285">
    <p class='ocr_par' dir='ltr' id='par_1_4' title="bbox 177 2060 2319 2285">
     <span class='ocr_line' id='line_1_5' title="bbox 177 2060 2319 2168; baseline 0.006 -40"><span class='ocrx_word' id='word_1_16' title='bbox 177 2074 570 2157; x_wconf 81' lang='lat' dir='ltr'><strong>sequentur</strong></span> <span class='ocrx_word' id='word_1_17' title='bbox 615 2060 989 2160; x_wconf 80' lang='lat' dir='ltr'><strong>proxime,</strong></span> <span class='ocrx_word' id='word_1_18' title='bbox 1055 2060 1511 2168; x_wconf 72' lang='lat' dir='ltr'><strong>descriptam</strong></span> <span class='ocrx_word' id='word_1_19' title='bbox 1558 2065 2014 2142; x_wconf 82' lang='lat' dir='ltr'><strong>exhibemus·</strong></span> <span class='ocrx_word' id='word_1_20' title='bbox 2047 2064 2149 2142; x_wconf 87' lang='lat' dir='ltr'><strong>ad</strong></span> <span class='ocrx_word' id='word_1_21' title='bbox 2193 2091 2319 2140; x_wconf 82' lang='lat' dir='ltr'><strong>ex·-</strong></span> 
     </span>
     <span class='ocr_line' id='line_1_6' title="bbox 180 2177 2318 2285; baseline 0.004 -34"><span class='ocrx_word' id='word_1_22' title='bbox 180 2180 494 2282; x_wconf 86' lang='lat' dir='ltr'><strong>emplum</strong></span> <span class='ocrx_word' id='word_1_23' title='bbox 549 2177 905 2255; x_wconf 81' lang='lat' dir='ltr'><strong>editionis</strong></span> <span class='ocrx_word' id='word_1_24' title='bbox 933 2180 1348 2277; x_wconf 88' lang='lat' dir='ltr'><strong>Parisinae,</strong></span> <span class='ocrx_word' id='word_1_25' title='bbox 1399 2209 1600 2285; x_wconf 87' lang='lat' dir='ltr'><strong>quae</strong></span> <span class='ocrx_word' id='word_1_26' title='bbox 1637 2211 1844 2261; x_wconf 87' lang='lat' dir='ltr'><strong>anno</strong></span> <span class='ocrx_word' id='word_1_27' title='bbox 1883 2179 2090 2279; x_wconf 76' lang='lat'>1645.</span> <span class='ocrx_word' id='word_1_28' title='bbox 2136 2184 2318 2261; x_wconf 66' lang='lat' dir='ltr'><strong>voll-</strong></span> 
     </span>
    </p>
   </div>
   <div class='ocr_carea' id='block_1_5' title="bbox 160 2300 2322 4260">
    <p class='ocr_par' dir='ltr' id='par_1_5' title="bbox 160 2300 2322 4260">
     <span class='ocr_line' id='line_1_7' title="bbox 177 2300 2321 2411; baseline 0.004 -37"><span class='ocrx_word' id='word_1_29' title='bbox 177 2304 230 2375; x_wconf 73' lang='grc' dir='ltr'><strong>ὅ.</strong></span> <span class='ocrx_word' id='word_1_30' title='bbox 278 2300 397 2377; x_wconf 87' lang='lat' dir='ltr'><strong>fol.</strong></span> <span class='ocrx_word' id='word_1_31' title='bbox 453 2303 664 2407; x_wconf 82' lang='lat' dir='ltr'><strong>typis</strong></span> <span class='ocrx_word' id='word_1_32' title='bbox 706 2301 931 2404; x_wconf 84' lang='lat' dir='ltr'><strong>regiis</strong></span> <span class='ocrx_word' id='word_1_33' title='bbox 978 2302 1337 2408; x_wconf 88' lang='lat' dir='ltr'><strong>impressa</strong></span> <span class='ocrx_word' id='word_1_34' title='bbox 1385 2323 1516 2383; x_wconf 87' lang='lat' dir='ltr'><strong>est.</strong></span> <span class='ocrx_word' id='word_1_35' title='bbox 1628 2308 1917 2385; x_wconf 87' lang='lat' dir='ltr'><strong>Graeca</strong></span> <span class='ocrx_word' id='word_1_36' title='bbox 1972 2305 2321 2411; x_wconf 88' lang='lat' dir='ltr'><strong>primum</strong></span> 
     </span>
     <span class='ocr_line' id='line_1_8' title="bbox 178 2424 2318 2531; baseline 0.003 -32"><span class='ocrx_word' id='word_1_37' title='bbox 178 2447 249 2499; x_wconf 84' lang='lat' dir='ltr'><strong>ea</strong></span> <span class='ocrx_word' id='word_1_38' title='bbox 288 2424 523 2503; x_wconf 87' lang='lat' dir='ltr'><strong>editio</strong></span> <span class='ocrx_word' id='word_1_39' title='bbox 572 2424 953 2529; x_wconf 79' lang='lat' dir='ltr'><strong>vulgavit,</strong></span> <span class='ocrx_word' id='word_1_40' title='bbox 1007 2452 1249 2531; x_wconf 79' lang='lat' dir='ltr'><strong>eaque</strong></span> <span class='ocrx_word' id='word_1_41' title='bbox 1297 2454 1391 2504; x_wconf 83' lang='lat' dir='ltr'><strong>ex</strong></span> <span class='ocrx_word' id='word_1_42' title='bbox 1434 2455 1597 2507; x_wconf 90' lang='lat' dir='ltr'><strong>uno</strong></span> <span class='ocrx_word' id='word_1_43' title='bbox 1646 2429 1904 2508; x_wconf 83' lang='lat' dir='ltr'><strong>codice</strong></span> <span class='ocrx_word' id='word_1_44' title='bbox 1950 2429 2318 2521; x_wconf 88' lang='lat' dir='ltr'><strong>Parisino,</strong></span> 
     </span>
     <span class='ocr_line' id='line_1_9' title="bbox 173 2529 2320 2657; baseline 0.003 -36"><span class='ocrx_word' id='word_1_45' title='bbox 173 2549 269 2623; x_wconf 87' lang='lat' dir='ltr'><strong>uti</strong></span> <span class='ocrx_word' id='word_1_46' title='bbox 311 2549 500 2625; x_wconf 87' lang='lat' dir='ltr'><strong>haec</strong></span> <span class='ocrx_word' id='word_1_47' title='bbox 524 2549 796 2641; x_wconf 79' lang='lat' dir='ltr'><strong>verba,</strong></span> <span class='ocrx_word' id='word_1_48' title='bbox 835 2549 921 2644; x_wconf 83' lang='lat' dir='ltr'><strong>in</strong></span> <span class='ocrx_word' id='word_1_49' title='bbox 956 2529 1197 2628; x_wconf 48' lang='lat' dir='ltr'><strong>titulo*</strong></span> <span class='ocrx_word' id='word_1_50' title='bbox 1228 2552 1471 2657; x_wconf 91' lang='lat' dir='ltr'><strong>posita</strong></span> <span class='ocrx_word' id='word_1_51' title='bbox 1487 2610 1510 2645; x_wconf 92' lang='lat'><strong>,</strong></span> <span class='ocrx_word' id='word_1_52' title='bbox 1563 2569 1966 2632; x_wconf 71' lang='lat' dir='ltr'><strong>testantur:</strong></span> <span class='ocrx_word' id='word_1_53' title='bbox 2021 2552 2320 2629; x_wconf 78' lang='lat' dir='ltr'><strong>Graeca</strong></span> 
     </span>
     <span class='ocr_line' id='line_1_10' title="bbox 170 2669 2320 2772; baseline 0.003 -28"><span class='ocrx_word' id='word_1_54' title='bbox 170 2694 336 2744; x_wconf 85' lang='lat' dir='ltr'><strong>nunc</strong></span> <span class='ocrx_word' id='word_1_55' title='bbox 368 2675 706 2772; x_wconf 82' lang='lat' dir='ltr'><strong>primum</strong></span> <span class='ocrx_word' id='word_1_56' title='bbox 745 2669 1121 2770; x_wconf 77' lang='lat' dir='ltr'><strong>prodeunt</strong></span> <span class='ocrx_word' id='word_1_57' title='bbox 1166 2696 1273 2748; x_wconf 74' lang='lat' dir='ltr'><strong>ex</strong></span> <span class='ocrx_word' id='word_1_58' title='bbox 1321 2672 1577 2748; x_wconf 75' lang='lat' dir='ltr'><strong>codice</strong></span> <span class='ocrx_word' id='word_1_59' title='bbox 1619 2673 1778 2750; x_wconf 89' lang='lat' dir='ltr'><strong>MS.</strong></span> <span class='ocrx_word' id='word_1_60' title='bbox 1812 2674 2320 2754; x_wconf 77' lang='lat' dir='ltr'><strong>Bibliothecae</strong></span> 
     </span>
     <span class='ocr_line' id='line_1_11' title="bbox 181 2789 2319 2895; baseline 0.005 -32"><span class='ocrx_word' id='word_1_61' title='bbox 181 2789 340 2865; x_wconf 79' lang='lat' dir='ltr'><strong>Viri</strong></span> <span class='ocrx_word' id='word_1_62' title='bbox 381 2793 892 2869; x_wconf 75' lang='lat' dir='ltr'><strong>Illustrissimi</strong></span> <span class='ocrx_word' id='word_1_63' title='bbox 925 2793 1141 2883; x_wconf 64' lang='lat' dir='ltr'><strong>Petri</strong></span> <span class='ocrx_word' id='word_1_64' title='bbox 1183 2791 1558 2895; x_wconf 79' lang='lat' dir='ltr'><strong>Seguierii</strong></span> <span class='ocrx_word' id='word_1_65' title='bbox 1602 2797 1970 2874; x_wconf 80' lang='lat' dir='ltr'><strong>Franciae</strong></span> <span class='ocrx_word' id='word_1_66' title='bbox 2020 2798 2319 2882; x_wconf 77' lang='lat' dir='ltr'><strong>Cancel-</strong></span> 
     </span>
     <span class='ocr_line' id='line_1_12' title="bbox 169 2913 2322 3025; baseline 0.004 -37"><span class='ocrx_word' id='word_1_67' title='bbox 169 2913 331 2990; x_wconf 78' lang='lat' dir='ltr'><strong>larii,</strong></span> <span class='ocrx_word' id='word_1_68' title='bbox 397 2920 468 2993; x_wconf 90' lang='lat' dir='ltr'><strong>E</strong></span> <span class='ocrx_word' id='word_1_69' title='bbox 522 2917 831 3019; x_wconf 81' lang='lat' dir='ltr'><strong>regione</strong></span> <span class='ocrx_word' id='word_1_70' title='bbox 878 2934 1124 2993; x_wconf 80' lang='lat' dir='ltr'><strong>textus</strong></span> <span class='ocrx_word' id='word_1_71' title='bbox 1169 2919 1416 3020; x_wconf 88' lang='lat' dir='ltr'><strong>graeci</strong></span> <span class='ocrx_word' id='word_1_72' title='bbox 1437 2976 1463 3010; x_wconf 89' lang='lat'><strong>,</strong></span> <span class='ocrx_word' id='word_1_73' title='bbox 1507 2920 1724 2996; x_wconf 85' lang='lat' dir='ltr'><strong>sectis</strong></span> <span class='ocrx_word' id='word_1_74' title='bbox 1758 2921 2090 3025; x_wconf 81' lang='lat' dir='ltr'><strong>paginis,</strong></span> <span class='ocrx_word' id='word_1_75' title='bbox 2154 2943 2322 2996; x_wconf 82' lang='lat' dir='ltr'><strong>ver-</strong></span> 
     </span>
     <span class='ocr_line' id='line_1_13' title="bbox 168 3035 2306 3142; baseline 0.004 -32"><span class='ocrx_word' id='word_1_76' title='bbox 168 3035 426 3116; x_wconf 79' lang='lat' dir='ltr'><strong>sionem</strong></span> <span class='ocrx_word' id='word_1_77' title='bbox 489 3039 820 3115; x_wconf 87' lang='lat' dir='ltr'><strong>latinam</strong></span> <span class='ocrx_word' id='word_1_78' title='bbox 868 3038 1140 3124; x_wconf 85' lang='lat' dir='ltr'><strong>habet,</strong></span> <span class='ocrx_word' id='word_1_79' title='bbox 1207 3066 1446 3142; x_wconf 85' lang='lat' dir='ltr'><strong>quam</strong></span> <span class='ocrx_word' id='word_1_80' title='bbox 1494 3041 1814 3117; x_wconf 87' lang='lat' dir='ltr'><strong>Iacobus</strong></span> <span class='ocrx_word' id='word_1_81' title='bbox 1876 3045 2306 3134; x_wconf 79' lang='lat' dir='ltr'><strong>Fontanus,</strong></span> 
     </span>
     <span class='ocr_line' id='line_1_14' title="bbox 168 3160 2314 3268; baseline 0.002 -31"><span class='ocrx_word' id='word_1_82' title='bbox 168 3161 396 3239; x_wconf 83' lang='lat' dir='ltr'><strong>codice</strong></span> <span class='ocrx_word' id='word_1_83' title='bbox 455 3163 829 3239; x_wconf 85' lang='lat' dir='ltr'><strong>Bavarieo</strong></span> <span class='ocrx_word' id='word_1_84' title='bbox 887 3188 1107 3253; x_wconf 88' lang='lat' dir='ltr'><strong>usus,</strong></span> <span class='ocrx_word' id='word_1_85' title='bbox 1173 3160 1476 3238; x_wconf 88' lang='lat' dir='ltr'><strong>dudum</strong></span> <span class='ocrx_word' id='word_1_86' title='bbox 1536 3181 1718 3239; x_wconf 89' lang='lat' dir='ltr'><strong>ante</strong></span> <span class='ocrx_word' id='word_1_87' title='bbox 1764 3160 2011 3240; x_wconf 83' lang='lat' dir='ltr'><strong>edidit</strong></span> <span class='ocrx_word' id='word_1_88' title='bbox 2057 3165 2314 3268; x_wconf 87' lang='lat' dir='ltr'><strong>Ingol-</strong></span> 
     </span>
     <span class='ocr_line' id='line_1_15' title="bbox 163 3286 2316 3378; baseline 0.002 -19"><span class='ocrx_word' id='word_1_89' title='bbox 163 3286 359 3362; x_wconf 82' lang='lat' dir='ltr'><strong>stadii</strong></span> <span class='ocrx_word' id='word_1_90' title='bbox 408 3315 626 3366; x_wconf 85' lang='lat' dir='ltr'><strong>anno</strong></span> <span class='ocrx_word' id='word_1_91' title='bbox 682 3290 920 3378; x_wconf 67' lang='lat'>1603„</span> <span class='ocrx_word' id='word_1_92' title='bbox 970 3286 1602 3362; x_wconf 78' lang='lat' dir='ltr'><strong>annotationibus</strong></span> <span class='ocrx_word' id='word_1_93' title='bbox 1632 3313 1811 3364; x_wconf 91' lang='lat' dir='ltr'><strong>cum</strong></span> <span class='ocrx_word' id='word_1_94' title='bbox 1836 3288 1989 3365; x_wconf 85' lang='lat' dir='ltr'><strong>suis</strong></span> <span class='ocrx_word' id='word_1_95' title='bbox 2036 3306 2206 3365; x_wconf 88' lang='lat' dir='ltr'><strong>tum</strong></span> <span class='ocrx_word' id='word_1_96' title='bbox 2251 3292 2316 3364; x_wconf 91' lang='lat'><strong>1.</strong></span> 
     </span>
     <span class='ocr_line' id='line_1_16' title="bbox 167 3407 2312 3508; baseline 0.003 -26"><span class='ocrx_word' id='word_1_97' title='bbox 167 3407 475 3488; x_wconf 83' lang='lat' dir='ltr'><strong>Gretseri</strong></span> <span class='ocrx_word' id='word_1_98' title='bbox 543 3429 870 3488; x_wconf 81' lang='lat' dir='ltr'><strong>auctam.</strong></span> <span class='ocrx_word' id='word_1_99' title='bbox 970 3408 1166 3507; x_wconf 87' lang='lat' dir='ltr'><strong>Quis</strong></span> <span class='ocrx_word' id='word_1_100' title='bbox 1229 3407 1645 3508; x_wconf 84' lang='lat' dir='ltr'><strong>editionem</strong></span> <span class='ocrx_word' id='word_1_101' title='bbox 1710 3412 2133 3488; x_wconf 87' lang='lat' dir='ltr'><strong>Parisinam</strong></span> <span class='ocrx_word' id='word_1_102' title='bbox 2179 3437 2312 3487; x_wconf 85' lang='lat' dir='ltr'><strong>eu-</strong></span> 
     </span>
     <span class='ocr_line' id='line_1_17' title="bbox 164 3532 2312 3638; baseline 0.002 -33"><span class='ocrx_word' id='word_1_103' title='bbox 164 3536 447 3625; x_wconf 83' lang='lat' dir='ltr'><strong>raverit,</strong></span> <span class='ocrx_word' id='word_1_104' title='bbox 503 3560 758 3637; x_wconf 87' lang='lat' dir='ltr'><strong>neque</strong></span> <span class='ocrx_word' id='word_1_105' title='bbox 822 3533 1095 3610; x_wconf 89' lang='lat' dir='ltr'><strong>titulus</strong></span> <span class='ocrx_word' id='word_1_106' title='bbox 1143 3559 1393 3636; x_wconf 85' lang='lat' dir='ltr'><strong>neque</strong></span> <span class='ocrx_word' id='word_1_107' title='bbox 1440 3533 1816 3638; x_wconf 84' lang='lat' dir='ltr'><strong>praefatio</strong></span> <span class='ocrx_word' id='word_1_108' title='bbox 1886 3532 2162 3628; x_wconf 81' lang='lat' dir='ltr'><strong>tradit3</strong></span> <span class='ocrx_word' id='word_1_109' title='bbox 2229 3551 2312 3610; x_wconf 90' lang='lat' dir='ltr'><strong>at</strong></span> 
     </span>
     <span class='ocr_line' id='line_1_18' title="bbox 160 3648 2314 3762; baseline 0.003 -35"><span class='ocrx_word' id='word_1_110' title='bbox 160 3648 536 3734; x_wconf 88' lang='lat' dir='ltr'><strong>hominem</strong></span> <span class='ocrx_word' id='word_1_111' title='bbox 594 3684 776 3735; x_wconf 89' lang='lat' dir='ltr'><strong>eum</strong></span> <span class='ocrx_word' id='word_1_112' title='bbox 838 3658 1065 3735; x_wconf 87' lang='lat' dir='ltr'><strong>fuisse</strong></span> <span class='ocrx_word' id='word_1_113' title='bbox 1115 3659 1510 3736; x_wconf 89' lang='lat' dir='ltr'><strong>eruditum</strong></span> <span class='ocrx_word' id='word_1_114' title='bbox 1580 3683 1994 3762; x_wconf 81' lang='lat' dir='ltr'><strong>graeceque</strong></span> <span class='ocrx_word' id='word_1_115' title='bbox 2043 3656 2314 3734; x_wconf 89' lang='lat' dir='ltr'><strong>doctis-</strong></span> 
     </span>
     <span class='ocr_line' id='line_1_19' title="bbox 161 3776 2310 3887; baseline 0.004 -39"><span class='ocrx_word' id='word_1_116' title='bbox 161 3776 463 3872; x_wconf 87' lang='lat' dir='ltr'><strong>simum,</strong></span> <span class='ocrx_word' id='word_1_117' title='bbox 514 3781 1047 3860; x_wconf 82' lang='lat' dir='ltr'><strong>annotationes</strong></span> <span class='ocrx_word' id='word_1_118' title='bbox 1094 3783 1424 3887; x_wconf 86' lang='lat' dir='ltr'><strong>margini</strong></span> <span class='ocrx_word' id='word_1_119' title='bbox 1476 3780 1901 3887; x_wconf 85' lang='lat' dir='ltr'><strong>adscriptae</strong></span> <span class='ocrx_word' id='word_1_120' title='bbox 1951 3781 2310 3886; x_wconf 86' lang='lat' dir='ltr'><strong>probant,</strong></span> 
     </span>
     <span class='ocr_line' id='line_1_20' title="bbox 163 3901 2311 3990; baseline 0.003 -15"><span class='ocrx_word' id='word_1_121' title='bbox 163 3901 423 3990; x_wconf 79' lang='lat' dir='ltr'><strong>quibus</strong></span> <span class='ocrx_word' id='word_1_122' title='bbox 477 3923 646 3982; x_wconf 84' lang='lat' dir='ltr'><strong>tum</strong></span> <span class='ocrx_word' id='word_1_123' title='bbox 691 3906 893 3983; x_wconf 88' lang='lat' dir='ltr'><strong>locos</strong></span> <span class='ocrx_word' id='word_1_124' title='bbox 944 3935 1105 3983; x_wconf 92' lang='lat' dir='ltr'><strong>non</strong></span> <span class='ocrx_word' id='word_1_125' title='bbox 1153 3906 1263 3983; x_wconf 87' lang='lat' dir='ltr'><strong>ita</strong></span> <span class='ocrx_word' id='word_1_126' title='bbox 1307 3905 1566 3982; x_wconf 80' lang='lat' dir='ltr'><strong>faciles</strong></span> <span class='ocrx_word' id='word_1_127' title='bbox 1602 3905 2006 3983; x_wconf 88' lang='lat' dir='ltr'><strong>intellectu</strong></span> <span class='ocrx_word' id='word_1_128' title='bbox 2051 3929 2141 3980; x_wconf 81' lang='lat' dir='ltr'><strong>ex</strong></span> <span class='ocrx_word' id='word_1_129' title='bbox 2192 3905 2311 3982; x_wconf 90' lang='lat' dir='ltr'><strong>in-</strong></span> 
     </span>
     <span class='ocr_line' id='line_1_21' title="bbox 167 4024 2313 4136; baseline 0.001 -39"><span class='ocrx_word' id='word_1_130' title='bbox 167 4024 428 4102; x_wconf 85' lang='lat' dir='ltr'><strong>teriore</strong></span> <span class='ocrx_word' id='word_1_131' title='bbox 492 4054 755 4106; x_wconf 87' lang='lat' dir='ltr'><strong>rerum</strong></span> <span class='ocrx_word' id='word_1_132' title='bbox 816 4030 1255 4133; x_wconf 84' lang='lat' dir='ltr'><strong>cognitione</strong></span> <span class='ocrx_word' id='word_1_133' title='bbox 1313 4030 1709 4136; x_wconf 82' lang='lat' dir='ltr'><strong>explanat,</strong></span> <span class='ocrx_word' id='word_1_134' title='bbox 1795 4046 1963 4104; x_wconf 90' lang='lat' dir='ltr'><strong>tum</strong></span> <span class='ocrx_word' id='word_1_135' title='bbox 2032 4025 2313 4103; x_wconf 86' lang='lat' dir='ltr'><strong>codicis</strong></span> 
     </span>
     <span class='ocr_line' id='line_1_22' title="bbox 168 4147 2311 4260; baseline 0.001 -37"><span class='ocrx_word' id='word_1_136' title='bbox 168 4147 268 4223; x_wconf 79' lang='lat' dir='ltr'><strong>sui</strong></span> <span class='ocrx_word' id='word_1_137' title='bbox 356 4152 817 4260; x_wconf 85' lang='lat' dir='ltr'><strong>corruptelis</strong></span> <span class='ocrx_word' id='word_1_138' title='bbox 897 4151 1400 4236; x_wconf 82' lang='lat' dir='ltr'><strong>felicissimam</strong></span> <span class='ocrx_word' id='word_1_139' title='bbox 1459 4155 1918 4258; x_wconf 85' lang='lat' dir='ltr'><strong>plerumque</strong></span> <span class='ocrx_word' id='word_1_140' title='bbox 2002 4148 2311 4228; x_wconf 86' lang='lat' dir='ltr'><strong>medici-</strong></span> 
     </span>
    </p>
   </div>
  </div>
 </body>
</html>
