2982 4913
380 298 388 325 ’
1119 346 1339 411 unm
1401 349 1454 411 1.
1843 416 1848 419 ,
1905 296 1914 303 x
2346 314 2395 399 5
2481 304 2488 315 ’

235 514 336 584 loga
378 508 634 564 monacha
677 526 841 581 super
888 506 1124 564 induciis
1172 520 1420 581 roqatum
1469 508 1679 563 accedit
1717 508 1904 575 (22).ae
1941 508 2117 579 Nepos
2163 525 2398 578 respon-

233 585 368 649 dens,
425 601 481 635 se
532 585 592 635 in
654 599 812 635 avum
860 584 1313 649 officiosissimum
1367 582 1710 637 demonstrat.
1819 582 1966 633 Aous
2019 580 2398 633 iusiurandum

232 656 333 719 iat,
395 664 445 705 et
492 655 1000 706 anathematismum
1055 654 1347 707 rescindit.-
1411 656 1708 715 irascitur,
1773 653 2035 705 hominem
2090 646 2154 704 de
2210 653 2397 718 infima

228 727 350 797 plebe
397 723 468 776 ad
520 743 577 777 se
633 727 929 777 iuramenti
985 725 1232 793 eoeiqendi
1283 729 1521 777 missum.
1609 726 1834 777 Factum
1894 732 2187 776 excusatur
2243 720 2394 787 (23).

230 797 439 850 Adriano
480 796 596 848 olin
647 814 705 848 se
759 798 957 865 recipit
1008 814 1206 865 nepos,
1264 814 1323 849 eo
1380 813 1606 849 uxorem
1658 804 1857 847 evocat.
1941 796 2272 865 Syrqianues
2326 793 2397 846 ad

229 886 375 922 senem
427 816 637 933 d'eficits
690 866 1254 937 obiectum-perfidiae
1308 870 1513 920 crimen
1564 875 1724 935 neaat
1777 863 1927 931 (24).
2003 867 2122 918 Itur
2177 866 2394 932 infestis

227 938 1433 1074 ‚emffmmfflw
1464 936 2216 1061 „tfszffffhziassffzzzdz

221 1082 297 1153 plo
342 1081 560 1144 avulsa,
609 1099 710 1151 pro
759 1083 974 1151 captiqa
1026 1079 1311 1135 adducitur
1354 1081 1861 1149 Constantinopolin
1899 1078 2050 1144 (26).
2124 1054 2245 1130 Pa}
2330 1096 2394 1130 e-

222 1156 350 1205 titur.
419 1151 636 1204 Morbus
693 1153 962 1216 iunioris,
1017 1170 1054 1205 a
1108 1170 1208 1220 quo
1262 1151 1714 1221 stratopedarcha
1769 1151 2019 1202 desciscit
2059 1149 2208 1215 (27).
2281 1098 2394 1200 Εε-

222 1225 506 1288 nelicentiae
566 1224 750 1293 magni
803 1222 1146 1286 domesticis
1185 1226 1403 1292 eiusque
1467 1226 1666 1287 matris
1741 1222 2041 1277 Theodorae
2100 1221 2394 1290 maynani-

218 1297 361 1346 nitas
402 1293 550 1358 (28).
625 1293 835 1363 Oppida
871 1293 1011 1364 Apri
1049 1294 1210 1360 (29),
1267 1295 1527 1359 Garella‚
1582 1294 1971 1363 Rhaedestum‚
2028 1293 2395 1361 Serqentsium

217 1373 551 1433 occupantur,
620 1367 782 1418 Sacci
839 1374 1156 1418 exuruntur.
1242 1366 1732 1435 Stratopedarchae
1782 1365 2046 1435 perfidia,
2101 1363 2394 1431 Syrmpani

214 1437 431 1506 pastoris
481 1435 722 1501 fidelitas
776 1437 837 1488 in
896 1436 1162 1488 dominum
1225 1446 1276 1489 ct
1330 1440 1542 1505 caritas
1597 1437 1657 1488 in
1709 1438 1985 1488 inimicum
2050 1433 2392 1487 admirabilis

215 1505 355 1572 (30).
389 1506 605 1575 Nepotis
639 1509 697 1559 in
715 1507 919 1559 hostem
940 1508 1156 1561 lenitas.
1214 1509 1599 1561 Constantinus
1636 1507 1857 1577 despota
1893 1509 2136 1576 captivus
2173 1508 2233 1557 in
2266 1506 2392 1557 oin-

211 1578 333 1631 cula
364 1580 666 1630 coniicitur.
739 1578 843 1642 Qui
888 1580 1073 1631 Xenae
1128 1581 1465 1647 imperatrici
1520 1596 1709 1631 manus
1758 1580 2022 1632 violentas
2073 1578 2390 1639 attulerant,

207 1651 505 1719 puniuntur.
581 1650 925 1702 Lemniorum
963 1648 1035 1702 ad
1072 1660 1313 1719 nepotem
1350 1649 1611 1716 desectio:
1666 1667 1816 1718 quem
1858 1650 2212 1718 formidantes
2249 1647 2392 1699 Per-

209 1738 332 1783 sae,
380 1719 587 1773 deserto
626 1739 760 1785 avo,
816 1723 909 1773 cui
949 1722 1166 1775 aua-ilio
1202 1720 1514 1784 veniebant,
1566 1723 1628 1772 in
1665 1724 1923 1773 orientem
1964 1724 2196 1790 turpiter
2232 1720 2391 1784 refu-

206 1795 351 1862 giunt
392 1789 538 1857 (3¹).
613 1792 867 1844 Poscitur
901 1808 1119 1860 pacem,
1170 1787 1335 1860 quam‘
1371 1791 1505 1843 dare
1541 1794 1773 1859 cogitat,
1852 1801 1910 1843 ta
1945 1801 2004 1844 ut
2039 1795 2186 1860 ipse,
2228 1807 2390 1841 exer·

206 1866 370 1928 citus,
422 1863 613 1927 urbes,
670 1872 785 1915 tota
831 1864 1053 1932 imperii
1103 1862 1509 1915 administratio
1547 1881 1708 1932 penes
1750 1811 2015 1915 serliorem
2054 1865 2161 1914 sint
2199 1860 2261 1912 de
2296 1876 2392 1913 ce-

209 1943 330 1986 tero.
405 1934 701 1986 Gonciones
755 1936 1141 2004 imperatoris,
1196 1944 1251 1988 et
1303 1936 1670 1987 Cantacuzeni
1721 1935 1795 1986 ad
1840 1935 2116 2003 principes
2172 1941 2223 1984 et
2288 1929 2394 1982 du—

209 2023 285 2057 ces
320 2007 588 2057 exercitus
618 2001 767 2070 (32).
821 2007 1149 2074 Responsum
1187 2008 1396 2075 nepotis
1434 2005 1506 2057 ad
1540 2023 1696 2058 avum
1732 2005 1796 2057 de
1825 2009 1983 2076 pacis
2002 2001 2393 2056 conditionibus

210 2073 345 2141 (33).
419 2076 612 2128 Actum
651 2079 868 2147 gratias
910 2086 962 2129 et
1004 2080 1592 2146 pacem‘confirmatum
1635 2077 1788 2130 Xena
1825 2076 1895 2129 ad
1929 2076 2104 2143 filium
2140 2076 2391 2126 mittitur.

210 2146 542 2199 Conditiones
594 2166 757 2217 sene-ft:
807 2150 1040 2218 accipit,
1112 2147 1186 2200 ad
1244 2167 1393 2216 quem
1458 2148 1804 2201 salutandum
1854 2166 2016 2218 nepos
2074 2147 2395 2215 Byzantium

210 2218 471 2270 concedit.-
522 2219 622 2270 ille
672 2219 878 2284 obviam
924 2238 981 2271 se
1031 2223 1159 2287 fert.
1232 2221 1314 2272 Ibi
1361 2219 1683 2273 consuetudo
1733 2220 1993 2288 quaedam
2036 2217 2395 2287 imperatoria

210 2289 526 2341 declaratur.
603 2290 715 2343 Una
764 2293 824 2343 in
872 2292 1052 2343 urbem
1096 2290 1487 2360 inprediuntur.
1563 2292 1668 2343 Die
1720 2294 1962 2360 sequenti
2007 2290 2283 2360 Deiparae
2330 2286 2395 2337 de

210 2362 438 2426 confecta
493 2378 630 2430 pace
679 2380 847 2431 nepos
901 2364 1115 2432 qratias
1174 2365 1308 2432 agit.
1384 2363 1449 2417 In
1496 2364 1712 2432 palatio
1766 2379 1885 2415 cum
1936 2380 2034 2414 avo
2089 2361 2233 2430 deqit
2277 2359 2395 2411 ali-

301 2432 482 2488 mdiu:
548 2431 619 2486 ad
680 2450 800 2486 eum
856 2434 1197 2504 spectandum
1250 2435 1557 2503 frequentes
1610 2433 1842 2503 undique
1897 2450 2188 2486 concursus
2243 2432 2392 2498 fiunt.

256 2504 627 2572 idymotichum
685 2505 829 2558 redit
884 2501 1037 2572 (34).
1147 2507 1610 2574 Sphentisthlabus
1661 2507 1842 2559 morbo
1898 2506 2120 2569 interit,
2183 2504 2395 2555 Tertere

204 2575 308 2640 filio
358 2593 707 2641 successore,
761 2594 797 2629 a
850 2596 951 2646 quo
1006 2577 1402 2646 Philippopolis
1453 2582 1686 2647 capitur.
1761 2580 1935 2646 Nepos
1984 2577 2248 2628 Moesiam
2299 2574 2393 2624 in-

204 2664 454 2710 cursans,
506 2647 744 2716 praedas
796 2650 1037 2716 ingentes
1091 2652 1241 2716 aqit,
1297 2659 1347 2700 et
1397 2648 1651 2717 Byzantii
1700 2650 2052 2718 Syrqiannem
2105 2651 2164 2698 in
2216 2660 2394 2697 senem

201 2719 594 2769 coniurationis
644 2737 797 2771 reum
860 2721 919 2772 in
968 2737 1187 2772 carcere
1235 2721 1467 2772 invenit:
1526 2721 1585 2772 in
1638 2737 1824 2788 quem,
1878 2723 2033 2786 sacta
2071 2719 2198 2770 licet
2234 2726 2392 2786 pote-

200 2797 368 2851 state,
422 2793 745 2842 sententiam
795 2792 944 2856 serre
989 2790 1182 2843 abnuit
1237 2787 1387 2856 (35).
1471 2791 1710 2844 Moritur
1766 2792 2021 2843 Ter-teres.
2098 2788 2393 2857 Complura

200 2860 434 2913 Hoesiae
472 2859 669 2930 oppida
705 2859 1010 2915 Andronico
1048 2862 1246 2912 minori
1296 2880 1354 2914 se
1405 2862 1634 2914 dedunt:
1681 2861 1896 2930 reliqua
1949 2859 2236 2923 Boesilas,
2291 2859 2391 2908 de-

198 2932 365 2996 [uncti
415 2935 564 3000 reqis
608 2942 868 3001 patruus,
921 2932 1027 2986 sibi
1066 2934 1285 2984 asserit.
1359 2933 1462 2985 Am·
1501 2935 1784 2998 commissu
1824 2949 1986 3000 nepos
2035 2930 2393 2999 Philippopo-

199 3001 301 3066 lin,
370 3000 468 3053 sed
521 3004 768 3070 frustra,
833 3022 862 3057 o
972 3014 1120 3073 qnat.
1226 3004 1514 3068 Machina,
1570 3003 1848 3055 cuiusdam
1912 3002 2168 3054 Germani
2242 3016 2392 3118 opus,

198 3071 514 3143 depingitur.
589 3074 671 3126 De
723 3075 886 3128 Boesi
912 3094 977 3128 ae
1028 3076 1168 3127 socii
1223 3084 1275 3128 et
1326 3078 1495 3127 amici
1543 3084 1716 3126 morte
1767 3074 1945 3140 [alsus
1996 3087 2182 3124 rumor
2241 3068 2391 3134 (6).

198 3142 586 3213 Philippopolis
637 3148 869 3213 fortuito
905 3155 1260 3215 recuperatur
1301 3143 1449 3211 (37).
1527 3146 1740 3198 Bellum
1787 3146 1848 3199 in
1894 3143 2152 3197 barbaros
2202 3141 2392 3193 decer-

198 3217 372 3278 nitur,
428 3218 701 3268 incassum
754 3218 1188 3270 dissentientibus
1241 3219 1476 3269 senioris
1513 3218 1886 3281 consiliariis,
1940 3234 1974 3268 a
2027 3232 2126 3283 quo
2165 3229 2391 3282 maynus

199 3284 509 3338 domesticus
564 3289 964 3341 commendatur
1025 3286 1172 3353 (38).
1248 3287 1394 3340 *Pate
1450 3298 1502 3340 et
1564 3287 1753 3357 foedus
1812 3291 1956 3341 inter
2017 3289 2391 3354 imperatores,

199 3365 241 3408 et
292 3357 571 3424 Moesum,
625 3363 834 3427 quicum
890 3362 1126 3412 iunioris
1178 3368 1346 3428 nupta
1403 3369 1524 3412 erat
1575 3378 1748 3412 soror.
1857 3362 1977 3415 Mos
2032 3359 2392 3409 Romanorum
2475 3421 2482 3428 κ

196 3429 608 3497 imperatorum,
662 3448 761 3499 quo
819 3432 924 3484 sibi
969 3449 1069 3501 per
1116 3432 1466 3484 matrimonia
1517 3432 1837 3500 Scytharum
1888 3439 2144 3499 satrapas
2202 3429 2392 3479 devin-

195 3499 413 3552 ciebant.
507 3500 593 3558 De
647 3503 967 3571 Scytharum
1022 3503 1163 3554 binis
1228 3503 1288 3555 in
1347 3503 1629 3555 Thraciam
1687 3502 2113 3573 irruptionibus,
2170 3515 2392 3568 quorum

193 3580 395 3637 partem
459 3571 688 3624 Romani
745 3573 1033 3627 trucidant.
1127 3574 1259 3626 Cum
1313 3576 1634 3642 Scytharum
1698 3575 1923 3642 quodam
1990 3573 2118 3624 duce
2183 3572 2390 3640 nepotis

194 3658 255 3692 a·
314 3641 498 3696 altera
544 3645 672 3712 ripa
729 3646 1055 3713 colloquium
1112 3641 1261 3711 (39).
1373 3645 1531 3699 Irene
1586 3648 1784 3698 conium
1837 3646 1976 3697 diem
2032 3643 2168 3707 obit,
2231 3642 2392 3693 Anna

191 3711 495 3765 sabaudiae
546 3718 761 3768 comitis
812 3717 934 3783 filia
987 3719 1195 3769 iuniori
1248 3716 1320 3768 ad
1366 3717 1683 3769 connubium
1736 3720 1941 3786 petitur
1981 3712 2146 3779 (4ο),·
2203 3716 2318 3783 ipse
2355 3728 2392 3762 a

190 3785 508 3851 patriarcha
545 3786 701 3838 Isaia
736 3788 947 3840 solenni
977 3789 1319 3858 ceremonia,
1375 3806 1531 3856 quam
1584 3798 1777 3841 auctor
1828 3796 2083 3840 accurate
2133 3785 2391 3853 explicat,

190 3865 483 3907 coronatur
523 3852 673 3922 (41).
751 3857 940 3911 Annae
981 3878 1008 3911 e
1049 3859 1323 3912 Sabaudia
1360 3860 1601 3911 illustris
1640 3859 1927 3923 adventus,
1969 3875 2134 3926 quae,
2172 3856 2391 3925 Byzan-

193 3927 254 3975 tii
305 3925 582 3994 splendide
629 3933 867 3998 peractis
917 3933 1155 4000 nuptiis,
1210 3934 1334 4000 ipsa
1383 3949 1586 3999 quoque
1633 3949 1836 3984 corona
1887 3929 2145 3983 induitur.
2221 3925 2391 3979 Nobi-

193 3995 264 4048 les
303 3997 543 4049 Sabaudi
591 4002 891 4070 complures
942 4003 1100 4069 quasi
1146 4021 1248 4071 per
1295 4003 1683 4054 successionem
1730 4012 1946 4054 manent
2000 4001 2392 4053 Constantino-

192 4067 337 4134 poli,
402 4073 883 4142 etlimperatorem
938 4075 1177 4125 iuvenem
1233 4073 1462 4125 ludicris
1518 4074 1729 4125 artibus
1789 4076 2097 4126 instituunt.
2186 4070 2392 4123 Persae

194 4139 482 4205 praedones
536 4142 850 4196 caeduntur.
939 4143 1242 4213 Imperator
1293 4144 1477 4213 pedem
1531 4148 1736 4214 saqitta
1785 4146 2119 4197 vulneratur.
2207 4140 2394 4208 Maqni

195 4208 468 4264 domestici
503 4216 563 4265 in
594 4233 777 4284 pugna
816 4217 1007 4268 virtus.
1099 4216 1335 4268 Michael
1376 4217 1683 4269 Moesorum
1723 4235 1825 4268 rex
1876 4217 2082 4268 Zernae
2136 4231 2256 4266 cum
2290 4228 2393 4263 ne—

196 4290 310 4349 pote
345 4282 460 4336 dies
498 4285 707 4356 aliquot
763 4286 969 4339 hilares
1026 4290 1158 4357 agit.
1235 4286 1667 4357 Didymotichum
1717 4305 1999 4352 reversus,
2051 4284 2116 4337 de
2171 4301 2271 4336 avo
2326 4280 2392 4334 ab

198 4368 249 4403 se
291 4357 405 4407 sine
445 4373 617 4411 causa
666 4357 910 4412 alienato
963 4362 1210 4413 uiantium
1262 4361 1465 4429 accipit
1507 4355 1656 4426 (42).
1730 4357 2258 4428 Panhypersebastus
2297 4371 2395 4406 re-
