2982 4913
560 328 561 331 Ν
633 345 684 430 3
704 373 799 427 ιο
1432 328 1984 431 CANTACUZENJ

634 530 758 580 tina
769 521 1045 596 principe,
1054 520 1310 591 filiarum
1325 519 1507 575 altera
1528 522 1586 573 ei
1607 517 1899 591 desponsa,
1920 516 2228 575 dimittitur.
2268 515 2550 584 Quaenam
2580 527 2635 568 et
2657 530 2802 588 qua-

632 598 707 650 lis
727 597 829 648 illa
859 592 1057 647 mulier
1063 593 1269 673 fiterit,
1291 594 1603 660 exponitur.
1648 590 1774 643 Duo
1797 588 1960 644 duces
1995 591 2057 640 in
2076 587 2454 641 Acarnaniam
2476 603 2597 637 cum
2616 588 2803 670 copiis

554 676 567 683 ”
636 668 951 726 mittuntur,
981 662 1280 730 imperator
1298 678 1353 712 se
1395 662 1553 712 uitur
1570 672 1626 713 et
1651 660 1731 711 ibi
1744 660 1860 713 eius
1889 670 2019 712 acta
2032 657 2154 728 (34),
2213 660 2449 709 Artaeos
2468 654 2803 708 domesticus

634 749 697 791 ut
718 733 1065 805 praefractos
1084 729 1349 800 reprehen
1392 732 1469 783 it.-
1491 741 1758 800 quantum
1788 727 1978 782 damni
1977 728 2250 801 jecerint,
2275 722 2515 780 ostendit
2536 744 2550 758 ·
2584 726 2803 795 gravia

639 806 1008 861 comminatur
1031 800 1144 869 (35)
1165 822 1183 852 .-
1235 799 1475 867 Bhogios
1497 811 1694 852 contra
1727 817 1911 851 eorum
1938 796 2295 851 contumelias
2335 793 2457 868 ἄψ
2539 796 2597 846 it.

641 878 765 928 iure
783 872 1111 927 Acarnania
1132 871 1498 923 Romanorum
1517 870 1610 930 sit,
1649 866 2064 922 demonstratur.
2107 868 2309 919 Artaei
2329 883 2384 917 se
2416 863 2638 918 dedunt.
2693 866 2808 916 Im-

637 956 871 1016 perator
888 956 939 999 et
956 940 1154 992 milites
1168 940 1355 991 morbo
1370 937 1709 1009 affliguntur
1724 939 1854 1010 (36).
1916 938 2446 991 Thomocastriorum
2475 933 2714 996 obsidio,
2751 947 2810 987 et

639 1032 824 1068 eorum
844 1011 1100 1082 superbia
1117 1022 1281 1080 atque
1302 1011 1665 1061 contumacia.
1700 1007 1794 1062 Ad
1807 1006 2138 1062 deditionem
2159 1025 2249 1060 eos
2269 1002 2588 1057 domesticus
2600 1003 2813 1057 cohor-

641 1097 798 1136 tatur
830 1095 885 1135 ct
928 1099 992 1134 eo
1033 1096 1194 1150 scopo
1224 1097 1341 1133 cum
1361 1076 1685 1148 paedagogo
1727 1096 1943 1150 quoque
1969 1078 2243 1148 principis
2261 1076 2458 1145 pueri,
2497 1077 2624 1126 viro
2657 1092 2813 1143 pru-

642 1153 805 1213 dente
842 1168 911 1205 ac
927 1149 1124 1213 nobili,
1164 1150 1298 1217 agit.
1370 1146 1459 1200 Ad
1484 1148 1784 1201 concilium
1810 1167 1897 1203 res
1924 1147 2175 1219 refertur.
2211 1144 2438 1198 Deditio
2465 1141 2810 1197 decernitur.

643 1219 981 1277 Laudamur
1004 1236 1039 1270 a
1065 1237 1151 1269 ma
1195 1236 1265 1271 no
1295 1215 1730 1286 domestico(37).
1802 1217 1881 1271 Ab
1904 1220 2230 1286 imperatore
2258 1214 2563 1337 honorgice
2585 1215 2812 1283 accipi-

643 1304 833 1348 untur.
908 1291 1106 1358 Magni
1174 1287 1594 1369 omesticifilius
1626 1286 1945 1340 Matthaeus
1979 1286 2402 1340 Thessalonicae
2480 1284 2696 1339 emetrii
2711 1283 2815 1335 de-

640 1374 827 1434 spotae
846 1358 1040 1430 filiam
1059 1375 1280 1413 uxorem
1307 1354 1460 1408 ducit
1477 1377 1496 1411 .-
1531 1356 1894 1428 Apocauchus
1920 1355 2280 1410 monachismi
2300 1353 2816 1428 profitendijacul·

640 1444 805 1485 tatem
840 1440 1030 1500 rogat.-
1077 1430 1197 1481 eius
1223 1427 1489 1483 voluntas
1515 1429 1860 1498 exploratur·
1935 1427 2171 1481 Classem
2203 1438 2401 1478 contra
2433 1426 2631 1479 Persas
2651 1425 2816 1494 pira-

639 1516 726 1556 tas
755 1498 908 1570 petit.
978 1498 1113 1551 Esse
1150 1500 1415 1567 ignavum
1461 1508 1516 1549 et
1545 1497 1845 1566 improbum
1877 1497 2142 1550 homiuem
2160 1536 2183 1560 ,
2237 1497 2533 1567 imperator
2556 1490 2822 1548 domesti-

642 1589 763 1629 cum
792 1580 991 1621 monet.
1063 1568 1249 1620 Datur
1285 1566 1508 1619 classis.-
1553 1579 1785 1637 apparet
1830 1568 1949 1621 eius
1971 1566 2144 1637 fraus
2180 1577 2234 1620 et
2266 1564 2567 1619 calliditas.
2643 1566 2816 1618 Urbes

644 1653 700 1695 et
732 1638 997 1700 castella,
1081 1653 1185 1688 uae
1217 1636 1423 1706 partim
1452 1638 1848 1700 construxerit,
1887 1637 2093 1707 partim
2121 1637 2459 1689 instaurarit
2489 1638 2814 1706 imperator,

643 1704 1040 1776 recensentur(
1076 1706 1145 1775 8).
1218 1705 1550 1758 Barlaamus
1599 1705 1901 1759 monachus
1951 1705 2191 1759 Calaber
2228 1704 2419 1758 turbas
2457 1704 2819 1757 Thessaloni-

648 1797 747 1832 cae
783 1777 897 1831 dat.
970 1775 1230 1845 Gregorii
1260 1775 1525 1828 Palamae
1574 1788 1627 1827 et
1641 1775 1895 1845 fratrum
1930 1780 2046 1830 eius
2095 1778 2296 1832 virtus.
2364 1777 2632 1829 Monetur
2666 1778 2814 1829 Bar-

646 1852 897 1906 laamus,
947 1864 1015 1899 ne
1068 1843 1457 1897 monachorum
1488 1847 1802 1898 institutum
1836 1847 2103 1899 convitiis
2149 1845 2382 1899 laceret.
2448 1846 2531 1898 De
2576 1845 2815 1905 lumine,

647 1915 805 1993 quod
838 1913 1147 1985 aliquando
1174 1927 1397 1969 sanctos
1434 1914 1593 1967 viros
1623 1915 2029 1984 circumfundit.
2103 1915 2237 1968 Item
2271 1912 2337 1968 de
2369 1916 2574 1968 lumine
2607 1915 2826 1968 Christi

647 1985 1046 2057 transfigurati
1080 1986 1142 2036 in
1171 1996 1349 2037 monte
1389 1982 1637 2047 Thabor,
1674 2001 1792 2037 cum
1824 1988 2003 2039 oculis
2036 1987 2318 2055 corporeis
2348 1998 2689 2055 conspectum
2722 1987 2817 2045 sit,

650 2076 732 2115 an
762 2059 1069 2108 increatum
1083 2052 1289 2124 fiterit.
1361 2053 1690 2106 Barlaamus
1724 2067 1928 2125 negat,
1967 2069 2018 2109 et
2057 2056 2189 2108 bene
2223 2055 2587 2126 quidem(39).
2662 2057 2819 2109 Con-

651 2141 747 2185 tra
776 2142 896 2178 eum
928 2124 974 2176 S
965 2121 1188 2190 ynodus
1210 2125 1463 2192 cogitur,
1510 2125 1604 2176 cui
1626 2123 1937 2193 respondet.
2007 2126 2174 2179 Canit
2194 2124 2544 2194 palinodiam
2569 2127 2822 2179 Barlaa-

651 2214 811 2257 mus,
849 2194 945 2245 cui
970 2193 1182 2262 petenti
1208 2193 1379 2245 venia
1418 2191 1620 2245 datur.-
1664 2206 1718 2246 et
1755 2194 1925 2259 dat-ur
1958 2212 2077 2247 cum
2106 2196 2523 2265 significatione
2559 2195 2822 2248 caritatis

651 2263 895 2333 egregia.
966 2263 1160 2317 Novas
1202 2261 1393 2319 turbas
1438 2265 1549 2316 ciet
1599 2265 1717 2316 eius
1764 2262 2070 2333 discipulus
2109 2267 2409 2333 Gregorius
2445 2265 2818 2332 Acindynus,

655 2335 756 2406 qui
785 2332 964 2385 altera
999 2329 1218 2399 Synodo
1250 2343 1444 2384 coacta
1482 2331 1796 2386 damnatur.
1866 2335 2225 2403 Imperatoris
2252 2335 2486 2388 morbus.
2553 2341 2824 2406 Apocau-

656 2404 789 2456 chus
819 2418 1074 2471 magnum
1107 2399 1454 2460 domesticum
1479 2401 1773 2466 sollicitat,
1819 2417 1883 2458 ut
1909 2406 2155 2475 insignia
2177 2407 2539 2475 imperatoria
2576 2417 2824 2460 assumat

655 2483 712 2533 et
747 2484 808 2524 ut
838 2472 1019 2541 filium
1050 2490 1113 2525 eo
1153 2471 1409 2538 inducat5
1446 2485 1669 2526 matrem
1700 2492 1916 2544 quoque
1945 2474 2277 2529 tentate'sed
2310 2478 2379 2528 ab
2414 2478 2666 2548 utrisque
2687 2477 2824 2528 reii-

657 2546 821 2596 citur.
892 2541 1074 2595 Sermo
1105 2540 1394 2595 domestici
1420 2560 1539 2602 cum
1575 2547 1736 2596 Anna
1763 2545 2127 2614 imperatrice,
2163 2560 2219 2599 et
2246 2549 2316 2596 im
2357 2548 2599 2600 eratoris
2625 2566 2696 2600 ea·
2713 2547 2823 2600 hac

657 2614 781 2672 luce
810 2612 1241 2681 emigratiofflo).
1317 2612 1653 2682 Singularia
1702 2625 1755 2666 et
1807 2615 2062 2684 inprimis
2117 2616 2311 2669 notabi
2335 2617 2395 2668 ia
2432 2619 2494 2669 in
2537 2616 2641 2671 hoc
2672 2616 2821 2670 libro

656 2695 789 2737 sunt
837 2679 1002 2738 haec.-
1054 2682 1299 2751 exempla
1348 2684 1608 2734 caritatis
1638 2700 1706 2736 ac
1736 2686 1938 2738 veniae
1977 2688 2039 2738 in
2075 2687 2364 2748 inimicos,
2425 2687 2626 2759 qualia
2673 2688 2821 2740 libro

654 2753 835 2825 primo
872 2752 932 2801 in
957 2753 1222 2819 pecuario
1254 2752 1557 2821 Syrmpano
1597 2764 1649 2806 et
1681 2752 2010 2824 imperatore
2044 2758 2264 2810 iuniore
2289 2746 2564 2809 adversus
2596 2757 2820 2827 Panhy-

657 2820 1024 2893 persebastum
1054 2820 1295 2894 mirifica
1331 2820 1441 2874 duo
1478 2821 1760 2887 vidimus,
1807 2838 1860 2878 et
1903 2844 2117 2878 rursum
2163 2827 2307 2880 libro
2345 2828 2511 2879 tertio
2547 2825 2822 2900 quaedam

663 2891 867 2950 eximia
888 2889 1225 2958 videbimus5
1274 2903 1355 2945 tot
1388 2893 1679 2946 Persarum
1711 2895 2069 2967 irruptiones,
2104 2899 2303 2969 quibus
2332 2915 2420 2949 res
2444 2915 2656 2967 semper
2681 2899 2822 2950 male

665 2962 827 3020 cessit
845 2980 867 3028 ‚·
919 2960 1238 3033 testificatio
1289 2963 1541 3015 crebrior
1595 2976 1651 3015 et
1695 2963 2066 3034 ἔναργεστάτη
2127 2969 2331 3020 amoris
2371 2967 2824 3037 incomparabilis

665 3035 818 3084 inter
843 3032 1223 3100 imperatorem
1251 3043 1304 3084 et
1328 3049 1585 3101 magnum
1622 3031 2008 3103 domesticum‚·
2057 3037 2406 3108 imperatoris
2443 3038 2661 3089 morbus
2695 3056 2827 3110 gra·

670 3101 925 3156 vissimus
955 3114 1010 3154 et
1039 3100 1243 3158 divina
1266 3119 1368 3172 per
1383 3103 1684 3173 Deiparam
1714 3109 1936 3159 sanatio
1951 3127 1972 3173 ,-
2003 3108 2335 3174 Syrgiannis
2360 3108 2700 3169 coniuratio,
2738 3111 2826 3163 iu-

672 3170 899 3231 dicium,
934 3170 1282 3238 trucidatio,·
1338 3171 1527 3233 Chius,
1567 3173 1789 3238 Lesbus,
1824 3177 2154 3229 Acarnania
2187 3192 2545 3247 recuperatae
2557 3199 2580 3243 ‚·
2633 3196 2836 3230 mona-

672 3239 865 3293 chismi
890 3240 1240 3311 praeclarum
1285 3241 1585 3313 aliquoties
1612 3246 1945 3309 encomium,
2000 3259 2059 3298 ut
2092 3249 2258 3301 etiam
2289 3265 2450 3316 saepe
2479 3248 2541 3299 in
2574 3251 2746 3302 tertio
2776 3262 2832 3302 et

669 3321 875 3391 quarto
892 3311 1232 3379 potissimum
1242 3331 1265 3378 ‚-
1298 3314 1577 3367 contentio
1596 3315 1887 3367 Barlaami
1912 3332 2032 3369 cum
2059 3316 2341 3373 monachis
2378 3318 2612 3373 Graecis
2642 3332 2697 3375 et
2725 3320 2830 3390 SJ-

670 3375 808 3438 nodt
835 3376 1014 3454 duae,·
1048 3381 1401 3458 imperatoris
1435 3400 1465 3438 e
1493 3383 1617 3436 vita
1646 3383 1932 3444 discessus.

385 3716 521 3772 AC·
547 3717 676 3776 ¹32⁸
837 3719 904 3789 ά.
969 3673 1108 3780 ..Α
1156 3728 1276 3809 μὲν
1332 3720 1445 3796 οὖν
1500 3730 1851 3813 πολεμοῦσί
1883 3754 1949 3797 τε
1993 3732 2277 3817 ἀλλήλοις
2318 3738 2450 3808 τοῖς
2495 3731 2836 3813 βασιλεῦσι

503 3823 558 3874 P·
574 3816 790 3882 1912022
822 3821 1058 3902 μεταξύ
1102 3826 1636 3909 διαλλαττομένοις
1677 3832 1971 3918 ἐπράχθη
2012 3836 2151 3913 μετ’
2194 3831 2514 3914 ἀλλήλων,
2557 3826 2832 3894 τοιαῦταί

488 3923 551 3982 V.
573 3925 666 3990 155
681 3918 833 3983 ἐστι·
862 3921 972 3987 νῦν
1006 3922 1077 3987 δὲ
1113 3916 1286 3989 εἶναι’
1307 3949 1418 4007 μοι
1448 3928 1623 3993 δοκεῖ
1649 3929 1863 3994 λοιπὸν
1894 3931 2212 4015 διηγητέον
2227 3926 2338 3994 καὶ
2361 3926 2408 3992 ἃ
2439 3928 2528 4015 τῷ
2550 3929 2672 4016 νέῳ
2691 3926 2843 3993 ’Ar-

794 4175 837 4216 t.
906 4085 1115 4213 Quae
1163 4161 1233 4216 ab
1285 4164 1702 4234 imperatoribus
1746 4167 1895 4220 bollo
1944 4171 2133 4221 mutuo
2187 4182 2320 4235 pace
2400 4182 2430 4217 o
2469 4163 2846 4234 redintegrata

668 4229 999 4311 ,gesta-sint,
1049 4231 1466 4301 explanavimus.
1542 4237 1802 4310 Sequitur
1836 4245 1898 4290 ut
1934 4254 2072 4311 quae
2107 4237 2291 4291 iunior
2376 4234 2706 4296 adminicula,
2757 4243 2849 4286 to-

680 4303 790 4354 nus
824 4314 932 4354 sam
985 4309 1180 4378 potens
1215 4303 1436 4380 imperii
1480 4323 1718 4364 seorsum
1753 4309 2049 4380 patraverit
2071 4349 2086 4375 ,
2133 4322 2451 4390 enarremus.
2522 4304 2634 4360 DIc
2675 4305 2848 4365 alten
