2982 4913
885 334 1454 404 ms'romARUm
1509 340 1597 405 ιι.
1641 347 1747 412 31.
2046 415 2053 422 ,
2217 318 2378 433 49ι

233 497 483 579 νόμεθα
537 491 889 558 α’ντειπεῖν.
969 489 1131 577 πλὴν
1182 493 1392 560 ἐλπίδι
1444 494 1830 581 ἐπαρθέντες
1883 497 2002 562 τοῦ
2066 519 2136 563 τε
2175 499 2459 585 §rupa-A.
2472 515 2533 572 c.
2555 516 2689 590 ¹3³4

232 603 362 670 τετς
391 588 774 678 γενήσεσθαι
810 590 926 673 τῆς
968 593 1232 675 Λέσβου
1267 594 1383 656 τοῦ
1420 616 1493 657 τε
1553 587 1945 675 ἇμυνεῖσθαι
1995 600 2261 681 βασιλέα
2317 596 2450 672 ἆνΡ.
2463 614 2574 674 299

231 698 376 782 ἐπίῃ
390 744 411 777 ,
456 692 563 780 (οὔ
604 688 725 777 γάρ
766 688 1076 774 τοσαύτην
1112 713 1183 775 γε
1214 685 1472 778 ᾠόμεθα
1508 692 1787 775 δύναμιν
1824 694 2150 781 α’θροίσειν
2180 721 2401 764 ναυτι·

228 791 391 880 νὴν,)
442 790 778 878 ἠράμεθα·
859 788 1007 856 νυνὶ
1043 791 1116 857 δὲ
1154 784 1279 876 ἤδη
1317 791 1398 856 τά
1438 814 1509 857 τε
1540 790 1846 880 χρήματα
1889 795 2202 861 ἀνάλωται
2243 796 2401 883 ἡμῖν

187 891 346 972 snat*
381 885 567 957 αύτοί
602 886 1139 976 πολιορκούμεθα,
1210 890 1326 955 ούκ
1366 885 1615 975 ἀγαθὰς
1655 889 1902 975 ἔχοντες
1955 895 2215 972 ἐλπίδας
2251 901 2404 984 περὶ

228 994 359 1060 τῶν
397 987 780 1073 μελλόντων.
862 987 1004 1053 ἐπεὶ
1039 991 1112 1056 δὲ
1151 987 1241 1067 ῶς
1282 988 1433 1077 δρῶ,
1500 990 1616 1056 τοῦ
1653 993 1813 1055 θεοῦ
1848 991 2268 1077 κεκινηκότος,
2308 999 2403 1074 εἰς

231 1081 393 1166 τούς
424 1088 575 1176 περὶ
608 1088 852 1154 τούτων
888 1088 1218 1175 προήχθης
1255 1090 1513 1174 λόγους,
1554 1091 1781 1172 δέομαι
1819 1087 1867 1156 ἃ
1904 1094 2194 1178 λυσιτελῆ
2234 1095 2413 1160 δοκεῖ

236 1188 349 1255 καὶ
385 1192 605 1255 δέοντα
644 1187 1117 1271 βουλεύσασθαι
1155 1187 1307 1275 περὶ
1340 1191 1456 1254 τοῦ
1511 1192 1846 1273 μέλλοντος
1866 1236 1887 1256 .
1965 1188 2048 1256 τά
2098 1191 2218 1279 γὰρ
2275 1218 2402 1259 πα-

237 1287 544 1374 ρελθόντα
575 1286 691 1351 ούκ
715 1282 888 1352 ἔστιν
926 1278 1132 1365 ἄλλως
1172 1289 1518 1355 διαθέσθαι
1544 1282 1590 1374 ἢ
1628 1287 1718 1365 ῶς
1747 1285 1930 1373 ἔτυχε
1967 1296 2404 1377 γεγενημένα.”

151 1386 271 1465 105
307 1390 500 1471 μέγας
540 1387 612 1452 δὲ
652 1387 1005 1466 δομέστικος
1056 1388 1164 1470 „sl
1210 1388 1330 1469 μὲν
1368 1392 1518 1453 καθ’
1568 1385 1839 1467 ἑαυτούς
1878 1383 2063 1455 αύτοί
2095 1390 2247 1477 περί
2277 1393 2403 1459 τῶν

234 1488 593 1574 ὖμετέρωνΡ
631 1482 757 1572 ἔφη
810 1483 1271 1568 „mavum-‘rs
1307 1484 1735 1573 πραγμάτων,
1791 1487 1979 1554 ου’δὲν
2019 1483 2101 1555 ἂν
2138 1486 2451 1561 §nodamus

235 1584 488 1674 εἰρήνην
521 1578 565 1671 ἢ
602 1582 710 1650 τὸν
748 1583 1017 1665 πόλεμον
1055 1580 1351 1650 ἑλέσθαι.
1430 1581 1575 1650 ἐπεὶ
1609 1587 1682 1651 δὲ
1720 1584 1869 1668 ἐμοὶ
1896 1590 2047 1672 περὶ
2083 1589 2208 1653 τῶν
2244 1591 2408 1672 ὑμε-

236 1687 434 1773 τέρων
470 1686 831 1771 ἐπιτρέπετε
870 1679 1290 1767 βουλεύεσθαι
1326 1684 1713 1768 πραγμάτων
1727 1734 1749 1766 ,
1814 1678 1859 1748 ἅ
1896 1708 2010 1768 μοι
2047 1685 2212 1751 δοκῶ
2248 1688 2406 1769 ύμῖν

239 1784 644 1871 συμφέροντα
683 1784 827 1869 ἐρῶ.
912 1781 1065 1865 ὑμῖν
1106 1783 1178 1847 δὲ
1216 1783 1464 1859 ἐξέσται
1502 1776 1548 1868 ἢ
1587 1781 1913 1869 αἱρεῖσθαι
1949 1783 2029 1850 τὰ
2068 1788 2409 1868 βεβουλευ-

163 1885 404 1966 ιόμένα
444 1878 490 1968 ἢ
531 1884 914 1948 διωθεῖσθαι
930 1927 950 1949 .
1008 1875 1192 1964 οἶμαι
1230 1882 1304 1945 δὲ
1344 1874 1498 1947 ούδὲ
1537 1883 1784 1946 πολλῶν
1824 1879 2167 1968 δεήσεσθαι
2203 1883 2408 1969 λόγων

239 1981 393 2068 περὶ
427 1984 557 2048 τῶν
595 1981 746 2064 ὖμῖν
783 1984 1085 2047 πείθοντα
1126 1977 1483 2046 δοκούντων
1522 1984 1903 2047 λυσιτελεῖν.
1984 1978 2033 2045 ἃ
2082 1979 2207 2069 γάρ
2252 1984 2408 2049 διει-

235 2084 477 2166 λέχθην
515 2079 853 2168 πρότερον,
900 2081 1150 2146 πολλῶν
1189 2081 1398 2144 κακῶν
1451 2078 1611 2162 ὖμῖν
1650 2076 1763 2145 τὸν
1801 2077 2069 2162 πόλεμον
2110 2077 2409 2148 αἰτιώτα-

234 2203 345 2246 τον
383 2182 785 2267 γεγενημένον
824 2174 1197 2267 άποφαίνων
1236 2175 1349 2244 καὶ
1383 2175 1478 2244 ἔτι
1526 2179 1862 2263 μέλλοντα,
1900 2178 2154 2257 τούτοις
2208 2178 2411 2259 ἔξεστι

239 2276 725 2358 κατασκευάζειν
783 2277 872 2356 ὥς
929 2276 1179 2365 αἱρετέα
1227 2276 1271 2364 ἧ
1328 2278 1585 2365 εἰρήνη.
1664 2274 1778 2343 τὸν
1816 2277 2051 2366 τρόπον
2103 2281 2177 2347 δὲ
2218 2276 2293 2347 ὃν
2330 2275 2411 2348 ἄν

156 2375 397 2461 :sonipes
457 2373 737 2462 μάλιστα
802 2376 1253 2465 λυσιτελήσειεν
1291 2376 1700 2466 ὑφηγήσομαι
1735 2379 1856 2461 ἐγώ
1877 2422 1898 2444 .
1977 2377 2131 2467 πρὶν
2169 2380 2261 2458 εἰς
2298 2403 2410 2446 το-

235 2481 462 2546 σοῦτον
518 2478 805 2543 κινδύνου
859 2474 1032 2563 ἥκειν
1085 2475 1250 2544 ὥστε
1300 2481 1508 2545 δοκεῖν
1564 2478 1675 2544 καὶ
1746 2472 2011 2557 ἄκοντας
2079 2482 2411 2566 προσιέναι

236 2582 507 2661 βασιλεῖ’,
546 2573 910 2652 ἐνδείξασθε
949 2571 1199 2642 εὔνοιάν
1237 2601 1382 2643 τινα
1422 2572 1807 2664 άντίᾷᾆοπον
1843 2576 2004 2663 πρὸς
2038 2576 2151 2663 τὴν
2181 2582 2430 2666 προτέε

240 2697 363 2759 ραν
402 2671 674 2753 ἀδικῶν,
715 2671 825 2736 καὶ
858 2672 1198 2755 πρεσβείαν
1223 2675 1585 2754 πέμψαντες
1613 2672 1776 2758 πρὸς
1802 2677 2088 2755 βασιλέα,
2127 2676 2457 2759 συγγνῶ-ρ,

242 2794 374 2857 μην
415 2766 708 2855 αἰτήσατε
745 2770 853 2857 ἐφ’
894 2763 987 2846 οἷς
1024 2771 1558 2857 προσκεκρούκατε
1596 2769 1755 2836 κατὰ
1798 2768 1909 2835 τὸν
1947 2771 2240 2854 πόλεμον.
2279 2771 2409 2861 φύ-

251 2973 385 3026 dum
420 2970 490 3025 ad
525 2987 671 3024 arma
698 2972 904 3042 priores
939 2972 1251 3041 prosilimus
1275 3010 1291 3035 ,
1332 2987 1495 3024 nemo
1531 2970 1620 3024 vel
1648 2977 1893 3026 nostrum
1940 2970 2152 3025 inficias
2192 2970 2275 3025 ire
2309 2988 2411 3043 po-

243 3051 374 3101 test.
442 3042 694 3096 Ceterum
728 3044 890 3096 Lesbi
921 3044 1133 3096 insulae
1171 3040 1576 3113 adipiscendae,
1613 3050 1670 3093 et
1709 3044 2107 3111 imperatorem,
2143 3043 2190 3095 si
2206 3044 2409 3111 ,impe-

249 3114 371 3167 dire
420 3122 742 3177 conaretur,
801 3112 871 3167 de
910 3113 1118 3167 ellendi
1152 3114 1352 3166 fiducia
1385 3111 1518 3165 elati
1559 3111 1740 3181 (haud
1769 3112 1916 3164 enim
1953 3119 2156 3165 tantam
2183 3112 2409 3166 classem

246 3193 681 3254 comparaturum
713 3131 1096 3254 credeEamus)
1121 3185 1327 3238 bellum
1366 3182 1473 3236 hoc
1508 3183 1626 3236 ansi
1650 3198 1848 3236 sumus.
1885 3181 2043 3235 Nunc
2073 3191 2130 3236 et
2157 3184 2407 3252 pecuniis

242 3254 496 3307 exhausti
544 3262 603 3308 et
644 3256 866 3325 insuper
893 3258 1001 3325 ipsi
1022 3254 1249 3319 obsessi,
1286 3255 1458 3307 bonas
1490 3270 1613 3324 spes
1646 3270 1833 3306 omnes
1870 3252 2221 3324 perdidimus.
2258 3252 2409 3323 Quia

240 3340 374 3379 vero
403 3324 591 3377 divino
643 3333 708 3377 ut
748 3326 983 3379 arbitror
1019 3326 1206 3378 afflatu
1245 3326 1315 3379 de
1353 3325 1444 3378 his
1476 3325 1641 3377 rebus
1676 3323 2013 3387 disseruisti,
2068 3333 2126 3378 te
2174 3340 2269 3376 oro
2291 3360 2309 3386 ,
2341 3332 2410 3377 nt

207 3411 390 3469 ‘quae
437 3396 600 3448 utilia
638 3395 799 3449 nobis
830 3398 890 3449 in
935 3405 1218 3467 posterum
1246 3405 1306 3450 et
1352 3397 1653 3450 necessaria
1694 3394 1947 3459 duxeris,
1997 3410 2060 3454 ea
2111 3394 2361 3447 consulas
2387 3415 2405 3449 z

324 3465 468 3518 ando
503 3469 798 3550 praeterita
829 3470 1095 3536 corrigere
1123 3483 1237 3521 non
1267 3468 1415 3520 licet.
1502 3464 1588 3520 Ad
1625 3464 1762 3518 haec
1792 3482 2015 3536 magnus
2046 3466 2405 3520 domesticuss

286 3538 336 3598 i,
369 3539 574 3606 inquit,
604 3537 880 3591 vobiscum
913 3538 1015 3608 ipsi
1043 3537 1112 3590 de
1149 3553 1207 3590 re
1239 3547 1415 3591 vestra
1444 3536 1858 3590 consuluissetis
1883 3573 1900 3600 ,
1942 3534 2086 3588 nihil
2115 3535 2185 3587 ad
2217 3551 2409 3603 pacem

217 3605 396 3660 -beuo
426 3608 834 3676 praeferendam
859 3608 1180 3665 obstitisset.
1256 3607 1368 3661 Sed
1393 3609 1525 3679 quia
1551 3605 1688 3658 mihi
1719 3608 1777 3662 in
1808 3622 1969 3659 causa
2000 3614 2178 3659 vestra
2200 3604 2412 3664 iudici-

247 3691 342 3726 nm
391 3692 549 3730 omne
587 3680 905 3747 permittitis
928 3716 944 3744 ,
980 3696 1119 3748 quae
1151 3678 1435 3748 profutura
1466 3678 1690 3747 opinor,
1729 3693 1840 3729 non
1872 3676 2094 3729 tacebo:
2129 3675 2285 3728 vobis
2312 3682 2412 3729 aut

244 3761 437 3815 parere
466 3749 695 3802 consilio
727 3765 868 3811 meo,
904 3749 1084 3802 antid
1116 3748 1404 3819 repudiare
1438 3747 1556 3800 inte
1656 3764 1708 3798 m
1741 3749 1863 3805 erit.
1931 3747 2197 3799 Existimo
2227 3754 2410 3799 autem

247 3815 664 3882 explicationem
692 3821 911 3873 consilii
948 3823 1056 3874 mei
1090 3820 1252 3889 longa
1284 3819 1534 3872 oratione
1609 3817 1718 3881 aud
1753 3834 1928 3887 egere.
1997 3815 2134 3870 Nam
2158 3832 2410 3887 quaeque

247 3885 405 3956 prius
441 3903 472 3937 a
512 3905 597 3942 me
637 3888 785 3943 dicta
830 3899 988 3953 sunt,
1035 3890 1237 3963 quibus
1275 3889 1482 3943 bellum
1535 3887 1703 3941 hocce
1736 3886 2092 3956 praecipuum
2137 3895 2195 3940 et
2230 3887 2411 3944 solum

250 3956 610 4024 complurium
641 3961 906 4014 malorum
935 3970 1233 4014 vestrorum
1268 3961 1476 4014 sontem
1518 3959 1690 4012 fuisse
1765 3957 1952 4009 robavi
1972 3994 1989 4020 ‚
2026 3973 2277 4030 quaeque
2309 3957 2411 4010 ad-

253 4023 365 4075 huc
419 4024 659 4081 dicturus
700 4048 852 4094 sum,
900 4031 1095 4084 iisdem
1145 4047 1332 4101 pacem
1382 4031 1721 4100 complecten
1762 4044 1846 4079 am
1896 4042 2050 4090 esse,
2104 4028 2409 4081 confirmari

246 4103 448 4165 potest.
534 4097 756 4153 Modum
809 4109 988 4154 autem
1009 4141 1025 4166 ,
1084 4117 1194 4173 quo
1247 4100 1308 4153 id
1352 4101 1782 4154 fructuosissime
1828 4097 2037 4150 faciatis
2059 4136 2077 4161 ‚
2127 4115 2412 4166 exponam·

251 4165 564 4238 Antequam
594 4185 660 4220 eo
694 4174 1031 4225 necessitatis
1059 4171 1489 4241 compellamini,
1530 4179 1594 4223 ut
1625 4170 1788 4237 etiam
1820 4169 1979 4223 inviti
2006 4168 2078 4221 ad
2110 4169 2408 4239 imperato·-

247 4251 361 4296 rem
420 4253 515 4293 vos
557 4238 852 4314 adiungere
882 4243 1222 4309 videamini,
1274 4245 1551 4316 praesenti
1620 4239 2006 4298 benevolentia
2071 4239 2418 4312 praeteritam
