2982 4913
596 348 625 402 ι
643 321 702 403 6
835 314 851 341 ’
1410 340 1980 407 CANTACUZENJ

269 518 569 577 A.c.1320
586 505 857 592 κούργου
896 502 1187 585 σκέψεως
1226 499 1399 589 ἔλεγε
1434 500 1520 568 τὰ
1560 526 1723 568 κατα
1752 486 2163 581 τόιίΜιχαὴλ
2185 494 2588 581 γεγενῆσθαι,
2633 490 2774 556 ἀλλ’

525 605 568 659 C
592 604 988 690 ἀπεριέργως
1012 601 1309 668 οὕτωκαὶ
1337 602 1557 679 ἅπλῶς
1581 605 1650 670 ἐκ
1675 604 1788 668 τοῦ
1815 598 2252 681 συντυχόντος.
2295 594 2406 658 καί
2431 588 2510 677 ἦν
2536 587 2630 679 ἄν
2648 597 2781 668 τοῖς

582 703 888 781 τοιούτοις
934 704 1143 789 λόγοις
1185 702 1432 789 ἰσχυρὰ
1473 703 1686 780 πίστις
1719 705 1790 769 τό
1819 726 1886 766 τε
1915 704 2027 767 τοῦ
2052 696 2368 784 βασιλέως
2389 694 2644 777 α’ξίωμα
2669 695 2781 759 καὶ

582 804 652 870 τὸ
701 804 811 870 διὰ
842 804 990 886 βιόυ
1027 802 1258 882 παντὸς
1302 803 1496 868 αὐτὸν
1528 807 1611 891 τῇ
1656 802 1928 892 ἀληθείᾳ
1972 798 2334 884 προσέχειν,
2360 794 2419 859 εἰ
2442 793 2533 879 μη
2554 798 2635 860 τὰ
2655 797 2781 860 τῶν

585 908 979 992 πραγμάτων
1017 905 1166 990 τέλη
1205 904 1319 982 τὰς
1365 903 1574 990 ἀρχὰς
1614 903 1956 982 ἀπέδειξαν
1995 896 2239 965 ἑαυτῶν
2282 896 2398 977 οὔχ
2423 895 2512 976 αἷς
2533 896 2820 980 ἐτυχεν,5

584 1003 721 1072 οὔδ’
767 1007 837 1071 ἐκ
878 1008 992 1071 τοῦ
1031 1006 1520 1090 συμβεβηκότος,
1568 1005 1702 1070 ἀλλ’
1744 1008 1813 1070 ἐκ
1853 1004 2183 1088 περινοίας
2228 998 2340 1063 καὶ
2377 995 2669 1078 σκέψεως
2708 996 2785 1063 οὖ

586 1106 839 1185 δικαίας
870 1106 1303 1193 γεγενημένας
1355 1104 1658 1172 σκεπτέον
1701 1105 1773 1170 δὲ
1816 1106 1883 1168 ἐκ
1923 1105 2049 1168 ταῖν
2093 1099 2503 1186 πραγμάτων.

524 1214 568 1268 D
753 1206 831 1289 β’.
901 1203 1135 1285 Ἔθους
1176 1204 1301 1291 γὰρ
1362 1207 1847 1290 ἐπικρατοῦντος
1891 1202 2072 1288 παρὰ
2106 1199 2467 1283 Ῥωμαίοις,
2523 1195 2787 1263 ἐπειδὰν

592 1304 871 1393 ἀπολίπῃ
916 1305 1023 1370 τὸν
1063 1309 1201 1389 βίον
1251 1304 1287 1370 ὅ
1330 1304 1652 1387 βασιλεὺς,
1693 1304 1837 1382 τούς
1872 1307 1991 1389 μὲν
2022 1303 2405 1387 ἐπιτρόπους
2433 1299 2559 1361 τῶν
2577 1298 2787 1384 ἐπαρ-

586 1409 751 1493 χιῶν
795 1406 1079 1484 ἅπαντας
1120 1406 1572 1492 παραλύεσθαι
1613 1409 1726 1490 τῆς
1766 1406 2007 1490 ἀρχῆς,
2067 1405 2158 1480 εἷς
2201 1402 2270 1467 ἓν
2313 1400 2383 1463 δὲ
2434 1399 2861 1479 συνιόντας,10

490 1504 507 1519 ”
590 1506 808 1593 ὅρκοις
845 1508 1148 1589 βεβαιοῦν
1186 1504 1299 1591 τὴν
1333 1509 1546 1571 πίστιν
1571 1509 1664 1594 τῷ
1692 1504 2164 1591 ὑπολειπομένῳ
2194 1503 2465 1584 βασιλεῖ,
2511 1495 2669 1583 εἴγε
2695 1491 2790 1577 εἷς

593 1609 765 1673 ἐστιν
806 1603 848 1690 ἢ
893 1606 1006 1674 καί
1049 1607 1184 1689 δύο,
1227 1601 1337 1672 εἶτ’
1385 1602 1612 1686 αὖθις,
1654 1594 1758 1685 οἷς
1800 1606 1878 1671 ι’ὶν
1911 1605 2090 1692 αὐτῷ
2133 1605 2365 1680 δόξειε,
2414 1596 2532 1675 τὰς
2577 1599 2791 1684 ἀρχὰς

592 1707 986 1792 ἐγχειρίζειν·
1074 1704 1309 1793 ὥριστο
1350 1709 1462 1774 καί
1505 1712 1643 1774 τότε
1692 1706 1873 1791 παρὰ
1909 1711 2024 1773 τοῦ
2062 1703 2413 1788 βασιλέως,
2472 1700 2634 1780 μετὰ
2672 1699 2792 1783 τὴν

414 1822 470 1876 Ρ.
504 1821 572 1879 13
589 1809 700 1871 τοῦ
747 1810 891 1873 υἱοῦ
924 1807 1039 1873 καὶ
1082 1810 1402 1892 βασιλέως
1447 1808 1741 1892 τελευτὴν
1773 1806 2072 1891 Μιχαὴλ,
2102 1802 2246 1879 τούς
2276 1824 2343 1866 τε
2371 1802 2438 1865 ἐν
2476 1792 2644 1871 τέλει
2675 1800 2794 1866 καὶ

478 1974 489 1991 x
587 1906 733 1984 τοὺς
758 1911 826 1973 ἐν
861 1907 1180 1992 α’ξιοόμασι
1214 1911 1472 1990 πάντας,
1501 1908 1847 1989 μέλλοντας
1878 1906 2321 1972 καθίστασθαι
2359 1898 2521 1986 πρὸς
2553 1900 2858 1986 ἆρχὰς,15

586 2004 806 2092 ὅρκοις
843 2008 1161 2090 ἐμπεδοῦν
1197 2006 1311 2092 τὴν
1358 2010 1569 2073 πίστιν
1614 2014 1744 2084 τοῖς
1779 2008 2175 2089 βασιλεῦσιν.
2219 2004 2540 2069 ἐτελοῦντο
2570 2001 2790 2067 τοίνυν

416 2124 482 2178 v.
500 2123 568 2180 11
593 2105 648 2170 οἶ
693 2103 874 2191 ὅρκοι
916 2103 991 2170 οὗ
1035 2105 1198 2172 κατὰ
1237 2107 1351 2173 τὸν
1392 2109 1699 2193 πρότερον
1742 2105 1990 2191 συνήθη
2050 2104 2264 2170 τύπον.
2350 2101 2446 2166 ἔτι
2490 2098 2616 2185 γὰρ
2671 2100 2791 2166 καὶ

589 2202 869 2288 Μιχαὴλ
906 2204 973 2270 ἐν
1010 2208 1203 2286 ζῶσιν
1233 2202 1409 2285 ὄντος
1448 2211 1561 2273 τοῦ
1588 2208 1924 2291 βασιλέως,
1965 2203 2142 2289 εἴπερ
2184 2200 2407 2285 ἐδέησέ
2436 2222 2574 2263 τινα
2609 2195 2784 2286 ὅρκῳ

590 2308 807 2371 δοῦναι
858 2306 1067 2371 πίστιν
1107 2313 1240 2383 τοῖς
1258 2309 1617 2389 βασιλεῦσι,
1664 2304 2409 2395 προαπαριθμησάμενος
2432 2297 2512 2365 τὰ
2541 2297 2692 2384 ἅγια
2715 2300 2788 2363 έν

589 2396 682 2482 οἷς
724 2400 1011 2489 ὤμνυεν,
1074 2399 1211 2473 εἶτα
1250 2405 1535 2494 στέργειν
1589 2405 1774 2494 ἔλεγε-
1807 2406 1918 2472 καί
1969 2402 2309 2489 βασιλέας,
2363 2404 2616 2488 πρῶτον
2656 2401 2859 2485 μὲνεο

580 2504 987 2591 Ἀνδρόνικον
1026 2506 1135 2573 τόν
1180 2507 1291 2574 καὶ
1334 2509 1761 2594 πρεσβύτερον
1814 2510 1908 2594 τῷ
1949 2506 2166 2592 χρόνῳ
2210 2503 2322 2570 καί
2364 2504 2611 2588 πατέρα
2653 2504 2784 2567 τῶν

584 2604 923 2686 βασιλέων,
965 2606 1077 2672 καὶ
1112 2605 1227 2693 τὴν
1269 2607 1466 2674 αὐτοῦ
1507 2607 1804 2694 γαμετὴν,
1849 2602 1983 2673 εἶτα
2025 2611 2160 2690 μετ’
2206 2606 2444 2668 ἐκεῖνον
2488 2600 2599 2667 τόν
2636 2598 2789 2666 υἱὸν

730 2759 817 2813 20.
853 2759 1133 2828 βασιλέως.
1210 2762 1389 2833 Vulgo
1432 2761 1689 2828 βασιλέα.

585 2857 863 2922 suaderet3
900 2875 959 2911 re
998 2867 1170 2912 autem
1208 2875 1356 2924 vera,
1394 2869 1453 2912 ut
1486 2877 1608 2914 eum
1646 2860 1709 2912 ad
1749 2859 2067 2911 destinatum
2089 2857 2304 2925 imperii
2327 2855 2597 2924 fastigium
2617 2869 2786 2922 prae-

584 2936 797 2997 pararet
831 2936 884 2981 et
919 2930 983 2984 ad
1021 2929 1384 3000 imperialium
1423 2932 1760 2985 functionum
1804 2930 2188 2998 experientiam
2229 2927 2507 2980 eveheret.
2580 2925 2785 2990 Quam-

585 3015 739 3068 quam
782 3002 1064 3068 ipsummet
1110 3009 1233 3070 post
1277 3003 1706 3072 pacificationem
1759 3017 1877 3054 cum
1923 3002 2141 3053 iuniore
2188 2999 2536 3061 Andronico,
2591 3013 2701 3066 quo
2754 3013 2792 3050 a

584 3087 644 3126 se
690 3070 899 3139 culpam
950 3081 1282 3138 removeret,
1334 3077 1598 3128 affinuare
1649 3071 1869 3126 solitum
1919 3073 2126 3134 ferunt,
2179 3087 2316 3140 quae
2354 3067 2604 3121 Micha'eli
2643 3070 2791 3122 tacta

584 3150 778 3207 essent,
816 3159 924 3197 non
960 3144 1145 3215 aliqua
1182 3147 1400 3199 vafritie
1435 3152 1527 3198 aut
1562 3144 1692 3198 dolo
1733 3144 1906 3209 malo,
1958 3145 2051 3196 sed
2102 3144 2406 3206 incuriose,
2456 3137 2609 3193 nullo
2651 3141 2786 3192 fuco

585 3222 640 3267 et
672 3229 798 3266 casn
835 3215 974 3268 facta
1008 3233 1143 3268 esse.
1218 3217 1299 3269 Ac
1339 3224 1564 3286 propter
1599 3216 1933 3268 altitudinem
1974 3215 2188 3283 quidem
2234 3213 2460 3282 gradus,
2500 3227 2654 3280 quem
2695 3219 2787 3264 te-

582 3284 774 3349 nebat,
822 3301 1162 3356 amoremque
1200 3289 1457 3353 veritatis,
1498 3288 1585 3339 cui
1624 3289 1679 3340 in
1720 3288 1862 3339 omni
1905 3294 2148 3339 anteacta
2191 3287 2300 3338 vita
2333 3284 2640 3348 studuerat,
2688 3283 2786 3334 fir-

582 3371 721 3407 mam
759 3355 910 3410 fidem
948 3359 1063 3411 eius
1100 3360 1386 3426 reperisset
1422 3361 1629 3424 oratio,
1679 3358 1802 3410 nisi·
1835 3374 2009 3412 rerum
2049 3359 2218 3410 exitus
2271 3362 2455 3423 postea
2504 3354 2787 3407 declaras-

584 3434 695 3491 set,
747 3442 926 3478 earum
977 3430 1197 3481 exordia
1237 3445 1345 3482 nou
1394 3431 1715 3483 fortuito‘et
1749 3427 2096 3494 inconsulto,
2143 3429 2237 3481 sed
2277 3444 2342 3480 ex
2391 3425 2589 3478 callido
2629 3441 2788 3478 com-

582 3504 761 3622 giento
801 3500 981 3622 potlius
1022 3506 1077 3553 et
1110 3502 1387 3555 insidiosis
1423 3499 1848 3572 cogitationibus
1888 3502 2183 3554 exstitisse:
2222 3499 2278 3552 id
2328 3498 2476 3567 quod
2539 3512 2626 3549 res
2664 3499 2788 3566 ipsa

622 3576 884 3622 emonstra
924 3571 982 3622 it.
2367 3579 2374 3586 ’

652 3638 704 3692 2.
745 3638 875 3693 Cum
900 3641 1258 3696 increbuisset
1276 3644 1414 3712 apud
1435 3642 1707 3696 Romanos
1740 3644 2096 3707 consuetudo,
2126 3649 2186 3695 nt
2213 3648 2422 3692 mortuo
2459 3640 2787 3707 imperatore

583 3712 983 3780 provinciarum
1020 3715 1294 3781 praesides
1331 3731 1515 3769 omnes
1551 3717 1898 3778 decederent,
1936 3723 1988 3767 et
2025 3716 2079 3766 in
2103 3728 2260 3766 unum
2294 3718 2572 3775 coeuntes,
2601 3712 2786 3779 impe-

554 3783 750 3835 'ratori
772 3787 1065 3852 superstiti,
1101 3786 1147 3837 si
1176 3801 1312 3838 unus
1339 3794 1497 3852 esset,
1538 3795 1629 3840 aut
1658 3790 1816 3840 etiam
1839 3787 2070 3844 duobus,
2109 3783 2377 3839 fidelitatis
2397 3790 2786 3835 sacramentum

585 3855 856 3920 dicerent;
911 3856 1129 3921 deinde,
1167 3873 1303 3926 quos
1344 3859 1441 3912 ille
1478 3857 1791 3929 delegisset,
1834 3860 1901 3909 iis
1939 3857 2298 3925 praefecturas
2335 3855 2598 3907 traderet:
2660 3854 2786 3907 edi-

582 3928 663 3978 xit
694 3927 853 3978 etiam
888 3933 994 3979 tum
1030 3931 1340 3996 imperator,
1381 3937 1466 3995 ut,
1506 3933 1740 3984 extincto
1780 3928 2047 3982 Michaele
2085 3928 2198 3980 filio
2237 3925 2486 3994 collega,
2527 3928 2786 3995 quicum-

586 4013 693 4067 que
728 3999 1062 4066 magistratus
1103 4008 1355 4070 gererent
1389 4008 1443 4053 et
1484 4003 1776 4071 dignitates
1817 4000 2149 4063 obtinerent,
2200 4001 2245 4049 si
2295 4014 2383 4048 eas
2433 3999 2536 4050 sibi
2579 3998 2784 4050 conflr-

584 4068 719 4122 ma'ri
755 4076 1019 4137 optarent,
1059 4088 1204 4125 novo
1238 4080 1568 4126 sacramento
1609 4072 2018 4141 imperatoribus
2056 4087 2176 4122 sese
2199 4069 2615 4138 obstringerent.
2659 4068 2784 4120 lus-

584 4141 864 4193 iurandum
903 4141 1120 4196 dabatur
1157 4142 1295 4198 illud
1337 4146 1576 4213 quidem,
1613 4161 1794 4213 neque
1828 4152 2002 4196 tamen
2041 4143 2209 4194 veteri
2250 4158 2312 4193 ac
2352 4140 2568 4195 solenni
2609 4156 2782 4193 more.

582 4211 711 4266 Nam
755 4214 880 4265 vivo
919 4214 1093 4267 adhuc
1131 4214 1426 4281 Michaele,
1481 4219 1803 4283 percensitis
1855 4223 2007 4267 antea
2048 4213 2273 4277 sanctis,
2325 4225 2466 4281 quae
2508 4211 2782 4265 testaban-

582 4291 696 4348 tur,
742 4290 850 4336 tum
890 4299 949 4338 se
987 4301 1286 4356 agnoscere
1324 4295 1380 4341 et
1414 4289 1664 4355 amplecti
1707 4285 2089 4356 profitebantur
2123 4286 2504 4352 imperatoreS,
2552 4285 2780 4350 primum

585 4356 803 4424 quidem
848 4356 1250 4426 Andronicum,
1304 4367 1494 4428 utpote
1548 4360 1702 4413 annis
1752 4358 2094 4429 grandiorem
2142 4358 2633 4425 imperatorumque
2680 4353 2794 4423 pai
