2982 4913
752 324 1264 393 EXPLANATIO
1326 326 1867 394 D1GN1TATUM.
2147 334 2396 400 mm

207 479 303 551 Ac
322 488 599 569 primum
626 482 872 567 quidem
891 481 1112 546 Caesar
1139 444 1253 545 i‘uit
1281 484 1579 547 secundus
1605 486 1686 547 ab
1715 487 2076 571 imperatore
2102 486 2193 569 (ut
2217 488 2404 552 hodie

206 594 306 633 rex
334 572 758 631 Romanorum
785 578 877 628 est
901 570 968 627 in
996 568 1291 631 occidenti
1321 570 1594 650 imperio)
1627 580 1690 630 et
1711 569 1978 632 obtinuit
2002 570 2120 631 hoc
2151 571 2231 632 ad
2260 572 2401 633 Ale-

160 716 163 723 ,
210 657 371 716 xium
405 654 791 717 Conmenum
814 672 1031 735 usque:
1076 661 1283 733 postea
1311 650 1761 714 Sebastocrator
1793 652 2092 714 secundus
2119 665 2210 715 est
2237 654 2405 717 habi·

208 750 329 815 tus,
361 747 431 798 et
457 737 681 796 Caesar
708 737 924 795 tertius
954 755 1082 795 esse
1108 737 1342 816 coepit,
1375 756 1517 795 cum
1546 734 1794 797 Alexius
1825 737 2171 799 Comnenus
2199 737 2406 799 lsaaci·

210 842 317 882 um
345 820 597 880 fiatrem
624 817 1111 879 Sebastocratora
1138 817 1400 897 diceret;
1454 828 1667 880 auctor
1712 819 2004 881 Zonaras.
2087 819 2410 882 Postremo

397 913 493 964 tes
549 904 680 963 sive
709 901 990 962 dominus
1018 901 1095 961 ab
1121 902 1484 983 imperatore
1505 900 1803 965 secundus
1829 913 1920 964 est
1947 903 2162 981 iactus,
2191 925 2412 987 nempe

210 986 465 1047 Alexius
493 983 895 1066 Palaeologus
909 1028 928 1062 ,
958 1005 1098 1044 cum
1125 985 1289 1046 idem
1320 984 1668 1046 Comncnus
1694 984 1832 1046 filiis
1860 986 2130 1047 maribus
2157 1007 2366 1048 carens
2388 1031 2410 1066 ,

213 1069 455 1130 Irenem
499 1067 690 1129 filiam
731 1088 904 1129 suam
943 1069 1407 1151 primogenitam
1435 1066 1653 1130 Alexio
1693 1066 1839 1129 huic
1859 1140 1872 1149 Ἠ
1893 1067 2216 1150 despondit
2253 1091 2415 1131 eum-

212 1173 334 1234 que
358 1151 547 1213 titulo
575 1149 887 1235 despotae,
926 1151 991 1211 id
1020 1161 1135 1231 est,
1176 1152 1436 1234 domini,
1463 1152 1729 1230 ornavit,
1772 1151 2046 1213 futuxmn
2071 1173 2291 1235 nempe
2315 1153 2416 1215 he-

216 1236 428 1297 redem
453 1237 722 1316 imperii,
763 1235 881 1295 nisi
909 1246 1102 1297 morte
1130 1234 1403 1297 sublatus
1431 1244 1612 1313 esset,
1653 1243 1807 1295 teste
1835 1236 2105 1318 Gregora
2129 1234 2241 1297 lib.
2276 1238 2335 1298 5.

395 1311 913 1399 Πρωτοψάλτης,
935 1318 1243 1402 Princeps
1272 1339 1383 1381 seu
1409 1318 1657 1401 primus
1686 1318 2115 1399 psallentium.
2214 1318 2419 1380 Eccle-

215 1400 533 1461 siasticum
558 1422 783 1462 nomen
821 1411 944 1482 est,
985 1401 1065 1464 de
1091 1401 1254 1465 clero
1279 1401 1511 1485 palatii.
1594 1401 1880 1464 Forsitan
1923 1404 2207 1485 magister
2248 1402 2420 1464 chori

220 1493 336 1544 aut
361 1484 561 1545 simile
589 1484 908 1566 quiddam.

396 1566 794 1646 Δομὲστικοι,
817 1566 1186 1630 Domestici.
1219 1568 1291 1627 In
1313 1569 1446 1629 iure
1469 1565 1851 1649 appellantur
1874 1564 2184 1628 domestici
2207 1589 2419 1630 omnes

219 1646 538 1710 adiutores
593 1653 722 1711 sive
784 1650 1123 1711 administri
1162 1649 1428 1732 legitime
1463 1652 1722 1711 instituti
1761 1669 1799 1709 a
1825 1651 1997 1709 iustis
2037 1650 2423 1721 ,functionum

221 1732 605 1813 principibus
647 1736 713 1794 in
739 1731 993 1815 palatio,
1040 1742 1147 1792 aut
1172 1734 1239 1794 in
1269 1734 1426 1808 foro,
1466 1742 1575 1791 aut
1599 1733 1665 1791 in
1694 1729 1965 1791 ecclesia.
2068 1734 2142 1793 In
2169 1733 2422 1816 palatio,

220 1825 299 1874 ut
337 1836 594 1896 magnus
638 1816 1030 1892 domesticae,
1076 1815 1441 1874 domesticus
1483 1833 1752 1891 mensae,
1798 1812 2161 1876 domesticus
2201 1816 2427 1879 schola·

217 1913 396 1973 rum,
440 1898 803 1957 domesticus
832 1916 1175 1973 murorum,
1204 1895 1568 1958 domesticus
1613 1897 1931 1979 regionum
1967 1905 2085 1958 etc.
2169 1899 2241 1958 In
2267 1899 2427 1978 foro,

225 1990 301 2040 ut
324 1979 639 2041 domestici
666 1978 1319 2057 iudicum,administri.
1349 1979 1422 2040 In
1451 1977 1725 2058 ecclesia,
1751 1989 1823 2039 ut
1842 1977 2204 2040 domesticus
2230 1981 2428 2061 chori,

227 2062 598 2123 domesticus
626 2065 946 2123 ianuarum
975 2072 1114 2140 etc.,
1156 2082 1419 2144 quorum
1445 2064 1722 2123 omnium
1750 2061 1980 2123 functio
2007 2059 2430 2139 δομεστῶεειον

230 2146 363 2206 sive
391 2142 812 2223 δομεστίκιον,
841 2144 907 2208 id
934 2155 1048 2218 est,
1079 2144 1532 2222 domesticatus,
1572 2145 1736 2206 dicta
1764 2156 1878 2206 est.

389 2219 949 2311 Ῥαιφερενδάριος
963 2274 984 2305 ,
1023 2227 1550 2310 Referendarius.
1633 2226 2089 2290 Ecclesiasticae
2124 2226 2431 2311 dignitatis

235 2327 488 2387 nomen,
521 2311 737 2372 Latine
761 2309 1033 2394 Relator,
1061 2312 1169 2394 qui
1198 2310 1491 2395 allegatur
1521 2310 1601 2371 ad
1629 2313 2052 2395 imperatorem
2081 2321 2144 2374 et
2163 2314 2432 2375 sacerdo·

237 2404 364 2455 tem
393 2396 750 2456 maximum.

417 2473 1075 2559 Πανυπερσέβαστος,
1114 2477 1614 2559 Angustissimus
1648 2477 1946 2545 omnium.
2052 2476 2157 2539 Ab
2207 2478 2423 2543 Alexio

238 2562 560 2625 Comneno
587 2560 803 2622 titulus
830 2564 1140 2640 inventus,
1173 2574 1243 2624 ut
1270 2561 1556 2623 Michaeli
1586 2560 1913 2621 Taronitae
1956 2561 2388 2643 gratificaretur
2410 2608 2431 2643 ,

238 2645 411 2729 quod
439 2644 647 2706 scribit
670 2646 939 2705 Zonaras
965 2655 1133 2706 tomo
1162 2646 1224 2706 3.
1256 2645 1372 2705 sub
1400 2645 1607 2708 finem.
1651 2643 1939 2725 Superior
1968 2654 2098 2705 erat
2121 2646 2431 2727 omnihus,

237 2733 427 2790 etiam
451 2730 585 2810 ipso
613 2729 1095 2810 protovestiario,
1138 2747 1358 2811 magno
1385 2727 1562 2806 duce,
1605 2746 1824 2810 magno
1850 2725 2179 2788 domestico
2205 2739 2321 2790 etc.

410 2803 1011 2890 Πρωτοβεστιοὶριος
1028 2855 1049 2889 ,
1109 2810 1679 2873 Ρνοτουεεείαήιιε.
1784 2809 1983 2870 Huius
2034 2809 2305 2871 officium
2347 2812 2434 2874 sic

240 2893 632 2957 describitur.
717 2892 1102 2955 Ascendente
1146 2894 1333 2973 igitur
1360 2895 1721 2973 imperatore
1739 2933 1758 2966 ,
1800 2901 1872 2951 ut
1898 2890 2269 2954 declaratum
2296 2906 2387 2954 est
2415 2938 2436 2972 ,

241 2978 322 3038 ad
362 2979 724 3056 oratorium,
772 2977 1278 3039 Protovestiarius
1297 3017 1318 3054 ,
1374 2977 1480 3057 qui
1522 2972 1812 3055 pilaticia,
1852 2994 2010 3054 quae
2055 2976 2437 3056 imperatoris

243 3072 634 3144 prospectum
658 3062 953 3142 obtegunt
969 3104 988 3139 ,
1031 3069 1140 3120 aut
1179 3068 1414 3141 sceptra
1457 3054 1767 3116 iudicialia
1805 3064 1996 3133 tenet,
2040 3059 2204 3120 utin
2247 3057 2439 3119 altum

245 3145 541 3206 subvecta
567 3155 733 3218 sunt,
773 3144 981 3202 dextra
1008 3162 1194 3202 manu
1221 3161 1333 3203 sua
1359 3139 1620 3202 educens
1646 3158 1718 3199 ea
1738 3182 1758 3217 ,
1805 3157 1841 3198 e
1863 3138 2158 3223 prothyro
2177 3141 2440 3210 ostendit

248 3224 477 3309 populo
493 3269 514 3303 ,
554 3225 974 3284 demonstrans
998 3223 1115 3285 hoc
1144 3226 1317 3307 signo
1333 3267 1354 3303 ,
1403 3220 1739 3285 ascendisse
1765 3221 2189 3305 imperatorem
2217 3226 2282 3285 in
2310 3246 2436 3286 ora—

218 3353 231 3370 .
248 3312 499 3369 torium.
603 3307 721 3368 Hic
747 3318 951 3367 autem
994 3307 1061 3365 in
1088 3310 1377 3383 oratorio,
1420 3308 1471 3365 si
1506 3307 1834 3387 imperator
1879 3317 1986 3366 aut
2023 3328 2201 3370 suum
2246 3310 2435 3390 ipsius

252 3401 507 3452 stemma
556 3400 663 3452 aut
704 3388 953 3473 aliquod
980 3386 1147 3448 aliud
1172 3403 1478 3471 gestamen
1505 3408 1682 3448 suum
1711 3397 2047 3469 gestaturus
2086 3403 2199 3469 est,
2229 3392 2437 3453 Proto-

252 3471 598 3551 ”vesum-ius,
638 3475 888 3555 inquam
909 3516 930 3550 ,
972 3473 1157 3534 sumit
1196 3471 1348 3533 1llud
1377 3491 1415 3531 a
1453 3470 1745 3531 ministris
1782 3471 2049 3533 rucharii
2091 3482 2153 3533 et
2188 3475 2439 3557 impera·

253 3559 373 3618 tori
418 3557 629 3618 tradit:
672 3576 872 3637 neque
899 3553 964 3616 id
991 3554 1189 3616 solum
1214 3556 1279 3614 in
1322 3565 1447 3615 tem
1528 3574 1595 3613 re
1644 3554 1939 3615 eiusmodi
1974 3555 2264 3618 festorum
2306 3558 2438 3618 die-

252 3660 391 3701 rum
411 3682 432 3717 ,
473 3660 690 3701 verum
726 3643 909 3700 etiam
951 3659 1188 3722 semper
1216 3640 1304 3699 ita
1336 3637 1395 3698 fa
1482 3677 1504 3698 .
1586 3635 1662 3697 Id
1701 3656 1849 3698 vero
1890 3640 2072 3700 etiam
2120 3643 2438 3723 proprium

255 3733 321 3784 et
355 3721 659 3805 singulare
702 3720 888 3784 habet
906 3766 925 3802 ,
984 3722 1152 3805 quod
1200 3722 1251 3781 si
1294 3722 1399 3803 qui
1496 3717 1761 3781 alienum
1798 3720 2043 3800 viderit,
2084 3735 2190 3784 aut
2215 3723 2438 3802 lutum,

254 3817 363 3867 aut
396 3805 546 3888 quid
580 3805 747 3868 aliud
792 3805 870 3867 ad
893 3806 1271 3888 imperatoris
1303 3815 1560 3882 vestem,
1601 3803 1908 3885 deponens
1955 3803 2060 3865 ille
2113 3805 2442 3867 umbellam

255 3899 367 3949 aut
412 3900 655 3971 tegmen
690 3891 903 3972 capitis
942 3892 1036 3950 sui
1060 3932 1079 3968 ,
1124 3898 1360 3949 extenta
1408 3909 1597 3948 manu
1635 3885 1798 3946 tollit
1819 3929 1838 3963 ,
1881 3898 1987 3948 aut
2027 3899 2246 3972 purgat
2288 3888 2443 3950 illud

258 3991 389 4032 non
422 3984 692 4053 rogatus.
770 3973 864 4033 Ex
904 3974 1188 4034 omnibus
1221 3992 1368 4032 vero
1406 3970 1540 4032 aliis
1613 3969 1945 4053 rincspibus
1971 3991 2153 4032 nemo
2189 3976 2445 4034 auctori·

258 4063 451 4115 tatem
486 4054 671 4117 habet
710 4055 969 4140 faciendi
1013 4058 1193 4132 istuc,
1236 4055 1342 4116 sed
1376 4053 1478 4116 ille
1509 4073 1577 4115 so
1598 4073 1695 4114 us.
1779 4053 2082 4115 Pilaticia
2110 4067 2201 4117 est
2235 4078 2389 4138 opus
2409 4075 2445 4116 e

262 4155 325 4197 m
360 4179 361 4182 η
510 4139 604 4200 ’tis
639 4160 782 4201 cum
811 4139 1071 4216 fimbria,
1102 4143 1168 4200 in
1196 4138 1636 4221 longitudinem
1662 4136 1861 4196 minus
1899 4158 1927 4196 s
1971 4137 2222 4217 ithama,
2265 4141 2330 4198 in
2368 4137 2448 4198 la·

264 4159 586 4282 tituiffi'nem
615 4235 817 4285 autem
851 4222 1080 4306 palmo,
1109 4243 1264 4306 quae
1284 4243 1387 4283 rex
1416 4219 1736 4283 Medorum
1766 4239 1868 4302 ges
2009 4231 2037 4280 t
2060 4220 2452 4304 similiterque

426 4322 870 4383 Camacuzenus.
2029 4336 2063 4370 c
2137 4365 2145 4374 .
