<?xml version="1.0" encoding="UTF-8"?>
<!DOCTYPE html PUBLIC "-//W3C//DTD XHTML 1.0 Transitional//EN"
    "http://www.w3.org/TR/xhtml1/DTD/xhtml1-transitional.dtd">
<html xmlns="http://www.w3.org/1999/xhtml" xml:lang="en" lang="en">
 <head>
  <title>
</title>
<meta http-equiv="Content-Type" content="text/html;charset=utf-8" />
  <meta name='ocr-system' content='tesseract 3.04.00' />
  <meta name='ocr-capabilities' content='ocr_page ocr_carea ocr_par ocr_line ocrx_word'/>
</head>
<body>
  <div class='ocr_page' id='page_1' title='image "./corpusscriptoru14berlgoog_0036.png"; bbox 0 0 2982 4913; ppageno 0'>
   <div class='ocr_carea' id='block_1_1' title="bbox 518 254 1858 366">
    <p class='ocr_par' dir='ltr' id='par_1_1' title="bbox 518 254 1858 366">
     <span class='ocr_line' id='line_1_1' title="bbox 518 254 1858 366; baseline 0 -1"><span class='ocrx_word' id='word_1_1' title='bbox 518 300 769 366; x_wconf 82' lang='lat' dir='ltr'><strong>xxvm</strong></span> <span class='ocrx_word' id='word_1_2' title='bbox 974 254 988 269; x_wconf 58' lang='lat'><strong>⁹</strong></span> <span class='ocrx_word' id='word_1_3' title='bbox 1362 299 1413 362; x_wconf 80' lang='grc' dir='ltr'><strong>ι.</strong></span> <span class='ocrx_word' id='word_1_4' title='bbox 1482 266 1858 365; x_wconf 58' lang='lat' dir='ltr'><strong>romum⁸</strong></span> 
     </span>
    </p>
   </div>
   <div class='ocr_carea' id='block_1_2' title="bbox 514 464 2736 1055">
    <p class='ocr_par' dir='ltr' id='par_1_2' title="bbox 514 464 2736 1055">
     <span class='ocr_line' id='line_1_2' title="bbox 516 464 2716 556; baseline 0.002 -24"><span class='ocrx_word' id='word_1_5' title='bbox 516 466 727 533; x_wconf 64' lang='lat' dir='ltr'><strong>ovium</strong></span> <span class='ocrx_word' id='word_1_6' title='bbox 771 467 1148 552; x_wconf 81' lang='lat' dir='ltr'><strong>septuaginta</strong></span> <span class='ocrx_word' id='word_1_7' title='bbox 1186 464 1404 529; x_wconf 86' lang='lat' dir='ltr'><strong>millia.</strong></span> <span class='ocrx_word' id='word_1_8' title='bbox 1516 467 1611 530; x_wconf 90' lang='lat' dir='ltr'><strong>Ut</strong></span> <span class='ocrx_word' id='word_1_9' title='bbox 1635 471 1757 530; x_wconf 86' lang='lat' dir='ltr'><strong>iam</strong></span> <span class='ocrx_word' id='word_1_10' title='bbox 1783 489 1908 531; x_wconf 87' lang='lat' dir='ltr'><strong>non</strong></span> <span class='ocrx_word' id='word_1_11' title='bbox 1947 469 2026 532; x_wconf 86' lang='lat' dir='ltr'><strong>sit</strong></span> <span class='ocrx_word' id='word_1_12' title='bbox 2047 514 2066 550; x_wconf 91' lang='lat'>,</span> <span class='ocrx_word' id='word_1_13' title='bbox 2102 491 2215 534; x_wconf 85' lang='lat' dir='ltr'><strong>cur</strong></span> <span class='ocrx_word' id='word_1_14' title='bbox 2241 492 2450 556; x_wconf 76' lang='lat' dir='ltr'><strong>greges</strong></span> <span class='ocrx_word' id='word_1_15' title='bbox 2478 483 2540 535; x_wconf 87' lang='lat' dir='ltr'><strong>et</strong></span> <span class='ocrx_word' id='word_1_16' title='bbox 2583 494 2716 536; x_wconf 54' lang='lat' dir='ltr'><strong>arm</strong></span> 
     </span>
     <span class='ocr_line' id='line_1_3' title="bbox 515 567 2718 652; baseline 0.002 -20"><span class='ocrx_word' id='word_1_17' title='bbox 515 580 722 632; x_wconf 85' lang='lat' dir='ltr'><strong>menta</strong></span> <span class='ocrx_word' id='word_1_18' title='bbox 762 567 925 629; x_wconf 87' lang='lat' dir='ltr'><strong>illius</strong></span> <span class='ocrx_word' id='word_1_19' title='bbox 952 568 1066 630; x_wconf 87' lang='lat' dir='ltr'><strong>Iob</strong></span> <span class='ocrx_word' id='word_1_20' title='bbox 1108 570 1418 630; x_wconf 89' lang='lat' dir='ltr'><strong>miremur.</strong></span> <span class='ocrx_word' id='word_1_21' title='bbox 1512 569 1747 637; x_wconf 81' lang='lat' dir='ltr'><strong>Verum</strong></span> <span class='ocrx_word' id='word_1_22' title='bbox 1790 572 1904 632; x_wconf 84' lang='lat' dir='ltr'><strong>ista</strong></span> <span class='ocrx_word' id='word_1_23' title='bbox 1947 570 2112 652; x_wconf 89' lang='lat' dir='ltr'><strong>apud</strong></span> <span class='ocrx_word' id='word_1_24' title='bbox 2161 572 2342 634; x_wconf 87' lang='lat' dir='ltr'><strong>urbes</strong></span> <span class='ocrx_word' id='word_1_25' title='bbox 2387 571 2718 637; x_wconf 79' lang='lat' dir='ltr'><strong>Thraciae·</strong></span> 
     </span>
     <span class='ocr_line' id='line_1_4' title="bbox 514 666 2689 754; baseline 0.002 -22"><span class='ocrx_word' id='word_1_26' title='bbox 514 691 643 732; x_wconf 85' lang='lat' dir='ltr'><strong>non</strong></span> <span class='ocrx_word' id='word_1_27' title='bbox 707 687 895 728; x_wconf 87' lang='lat' dir='ltr'><strong>unam</strong></span> <span class='ocrx_word' id='word_1_28' title='bbox 918 710 941 747; x_wconf 89' lang='lat'>,</span> <span class='ocrx_word' id='word_1_29' title='bbox 990 666 1096 729; x_wconf 86' lang='lat' dir='ltr'><strong>sed</strong></span> <span class='ocrx_word' id='word_1_30' title='bbox 1122 666 1328 753; x_wconf 87' lang='lat' dir='ltr'><strong>plures</strong></span> <span class='ocrx_word' id='word_1_31' title='bbox 1364 666 1650 751; x_wconf 82' lang='lat' dir='ltr'><strong>possedit.</strong></span> <span class='ocrx_word' id='word_1_32' title='bbox 1750 667 1911 730; x_wconf 85' lang='lat' dir='ltr'><strong>Vide</strong></span> <span class='ocrx_word' id='word_1_33' title='bbox 1965 668 2074 738; x_wconf 84' lang='lat' dir='ltr'><strong>lib.</strong></span> <span class='ocrx_word' id='word_1_34' title='bbox 2125 671 2188 733; x_wconf 78' lang='lat'><strong>3.</strong></span> <span class='ocrx_word' id='word_1_35' title='bbox 2243 693 2376 754; x_wconf 78' lang='lat' dir='ltr'><strong>cap.</strong></span> <span class='ocrx_word' id='word_1_36' title='bbox 2422 671 2522 751; x_wconf 67' lang='lat'><strong>24.</strong></span> <span class='ocrx_word' id='word_1_37' title='bbox 2581 673 2689 736; x_wconf 84' lang='lat' dir='ltr'><strong>ubi</strong></span> 
     </span>
     <span class='ocr_line' id='line_1_5' title="bbox 516 767 2692 859; baseline 0.001 -29"><span class='ocrx_word' id='word_1_38' title='bbox 516 771 640 848; x_wconf 86' lang='lat' dir='ltr'><strong>ait,</strong></span> <span class='ocrx_word' id='word_1_39' title='bbox 683 767 797 830; x_wconf 85' lang='lat' dir='ltr'><strong>sibi</strong></span> <span class='ocrx_word' id='word_1_40' title='bbox 830 778 961 829; x_wconf 90' lang='lat' dir='ltr'><strong>toto</strong></span> <span class='ocrx_word' id='word_1_41' title='bbox 985 770 1241 852; x_wconf 86' lang='lat' dir='ltr'><strong>imperio</strong></span> <span class='ocrx_word' id='word_1_42' title='bbox 1265 769 1542 829; x_wconf 88' lang='lat' dir='ltr'><strong>Romano</strong></span> <span class='ocrx_word' id='word_1_43' title='bbox 1564 788 1825 851; x_wconf 88' lang='lat' dir='ltr'><strong>sparsas,</strong></span> <span class='ocrx_word' id='word_1_44' title='bbox 1876 789 2096 852; x_wconf 86' lang='lat' dir='ltr'><strong>easque</strong></span> <span class='ocrx_word' id='word_1_45' title='bbox 2132 771 2456 832; x_wconf 86' lang='lat' dir='ltr'><strong>immensas</strong></span> <span class='ocrx_word' id='word_1_46' title='bbox 2488 774 2692 859; x_wconf 80' lang='lat' dir='ltr'><strong>copias</strong></span> 
     </span>
     <span class='ocr_line' id='line_1_6' title="bbox 516 865 2736 953; baseline 0.002 -24"><span class='ocrx_word' id='word_1_47' title='bbox 516 879 701 951; x_wconf 84' lang='lat' dir='ltr'><strong>atque</strong></span> <span class='ocrx_word' id='word_1_48' title='bbox 726 886 891 949; x_wconf 87' lang='lat' dir='ltr'><strong>opes.</strong></span> <span class='ocrx_word' id='word_1_49' title='bbox 971 866 1057 928; x_wconf 81' lang='lat' dir='ltr'><strong>Et</strong></span> <span class='ocrx_word' id='word_1_50' title='bbox 1086 865 1389 935; x_wconf 78' lang='lat' dir='ltr'><strong>31.et36.</strong></span> <span class='ocrx_word' id='word_1_51' title='bbox 1469 867 1529 929; x_wconf 81' lang='lat' dir='ltr'><strong>E</strong></span> <span class='ocrx_word' id='word_1_52' title='bbox 1566 865 1920 951; x_wconf 77' lang='lat' dir='ltr'><strong>supellectili</strong></span> <span class='ocrx_word' id='word_1_53' title='bbox 1964 890 2149 930; x_wconf 83' lang='lat' dir='ltr'><strong>aurea</strong></span> <span class='ocrx_word' id='word_1_54' title='bbox 2187 879 2250 931; x_wconf 90' lang='lat' dir='ltr'><strong>et</strong></span> <span class='ocrx_word' id='word_1_55' title='bbox 2273 882 2554 953; x_wconf 82' lang='lat' dir='ltr'><strong>argentea</strong></span> <span class='ocrx_word' id='word_1_56' title='bbox 2585 891 2689 934; x_wconf 87' lang='lat' dir='ltr'><strong>su-</strong></span> <span class='ocrx_word' id='word_1_57' title='bbox 2723 870 2736 882; x_wconf 68' lang='lat'>⁵</span> 
     </span>
     <span class='ocr_line' id='line_1_7' title="bbox 516 965 2716 1055; baseline 0.002 -26"><span class='ocrx_word' id='word_1_58' title='bbox 516 987 631 1050; x_wconf 83' lang='lat' dir='ltr'><strong>pra</strong></span> <span class='ocrx_word' id='word_1_59' title='bbox 664 965 923 1029; x_wconf 85' lang='lat' dir='ltr'><strong>ducenta</strong></span> <span class='ocrx_word' id='word_1_60' title='bbox 949 986 1096 1031; x_wconf 80' lang='lat' dir='ltr'><strong>vasa</strong></span> <span class='ocrx_word' id='word_1_61' title='bbox 1136 977 1351 1032; x_wconf 87' lang='lat' dir='ltr'><strong>mutuo</strong></span> <span class='ocrx_word' id='word_1_62' title='bbox 1377 966 1485 1029; x_wconf 76' lang='lat' dir='ltr'><strong>dat</strong></span> <span class='ocrx_word' id='word_1_63' title='bbox 1506 966 1734 1052; x_wconf 79' lang='lat' dir='ltr'><strong>palatio</strong></span> <span class='ocrx_word' id='word_1_64' title='bbox 1755 1011 1776 1049; x_wconf 86' lang='lat'><strong>,</strong></span> <span class='ocrx_word' id='word_1_65' title='bbox 1819 969 2016 1052; x_wconf 76' lang='lat' dir='ltr'><strong>capite</strong></span> <span class='ocrx_word' id='word_1_66' title='bbox 2040 970 2331 1053; x_wconf 76' lang='lat' dir='ltr'><strong>vigesimo</strong></span> <span class='ocrx_word' id='word_1_67' title='bbox 2365 982 2603 1055; x_wconf 84' lang='lat' dir='ltr'><strong>quarto.</strong></span> <span class='ocrx_word' id='word_1_68' title='bbox 2705 990 2716 1003; x_wconf 92' lang='lat'><strong>·</strong></span> 
     </span>
    </p>
   </div>
   <div class='ocr_carea' id='block_1_3' title="bbox 1394 1320 1823 1377">
    <p class='ocr_par' dir='ltr' id='par_1_3' title="bbox 1394 1320 1823 1377">
     <span class='ocr_line' id='line_1_8' title="bbox 1394 1320 1823 1377; baseline 0.005 -2"><span class='ocrx_word' id='word_1_69' title='bbox 1394 1320 1823 1377; x_wconf 73' lang='lat' dir='ltr'><strong>ELOGIA·</strong></span> 
     </span>
    </p>
   </div>
   <div class='ocr_carea' id='block_1_4' title="bbox 448 1461 2710 3642">
    <p class='ocr_par' dir='ltr' id='par_1_4' title="bbox 507 1461 2696 2324">
     <span class='ocr_line' id='line_1_9' title="bbox 680 1461 2687 1551; baseline 0.001 -24"><span class='ocrx_word' id='word_1_70' title='bbox 680 1461 819 1528; x_wconf 72' lang='lat' dir='ltr'><strong>Lib.</strong></span> <span class='ocrx_word' id='word_1_71' title='bbox 867 1482 923 1527; x_wconf 81' lang='grc' dir='ltr'><strong>ι.</strong></span> <span class='ocrx_word' id='word_1_72' title='bbox 962 1482 1092 1548; x_wconf 81' lang='lat' dir='ltr'><strong>cap-</strong></span> <span class='ocrx_word' id='word_1_73' title='bbox 1136 1461 1243 1531; x_wconf 75' lang='lat'><strong>58,</strong></span> <span class='ocrx_word' id='word_1_74' title='bbox 1324 1461 1716 1551; x_wconf 55' lang='lat' dir='ltr'><strong>Andronicus</strong></span> <span class='ocrx_word' id='word_1_75' title='bbox 1769 1465 1972 1529; x_wconf 85' lang='lat' dir='ltr'><strong>senior</strong></span> <span class='ocrx_word' id='word_1_76' title='bbox 2032 1462 2161 1528; x_wconf 88' lang='lat' dir='ltr'><strong>eius</strong></span> <span class='ocrx_word' id='word_1_77' title='bbox 2199 1462 2582 1549; x_wconf 84' lang='lat' dir='ltr'><strong>prudentiam</strong></span> <span class='ocrx_word' id='word_1_78' title='bbox 2623 1466 2687 1529; x_wconf 87' lang='lat' dir='ltr'><strong>iu</strong></span> 
     </span>
     <span class='ocr_line' id='line_1_10' title="bbox 517 1562 2690 1650; baseline 0 -23"><span class='ocrx_word' id='word_1_79' title='bbox 517 1564 723 1639; x_wconf 85' lang='lat' dir='ltr'><strong>dando</strong></span> <span class='ocrx_word' id='word_1_80' title='bbox 760 1562 1011 1627; x_wconf 88' lang='lat' dir='ltr'><strong>consilio</strong></span> <span class='ocrx_word' id='word_1_81' title='bbox 1072 1562 1404 1627; x_wconf 74' lang='lat' dir='ltr'><strong>admiratur</strong></span> <span class='ocrx_word' id='word_1_82' title='bbox 1424 1609 1445 1647; x_wconf 87' lang='lat'><strong>,</strong></span> <span class='ocrx_word' id='word_1_83' title='bbox 1511 1582 1697 1650; x_wconf 82' lang='lat' dir='ltr'><strong>seque</strong></span> <span class='ocrx_word' id='word_1_84' title='bbox 1745 1567 1813 1629; x_wconf 86' lang='lat' dir='ltr'><strong>in</strong></span> <span class='ocrx_word' id='word_1_85' title='bbox 1865 1563 1974 1629; x_wconf 87' lang='lat' dir='ltr'><strong>illo</strong></span> <span class='ocrx_word' id='word_1_86' title='bbox 2008 1567 2110 1627; x_wconf 84' lang='lat' dir='ltr'><strong>avi</strong></span> <span class='ocrx_word' id='word_1_87' title='bbox 2162 1568 2418 1628; x_wconf 85' lang='lat' dir='ltr'><strong>materni</strong></span> <span class='ocrx_word' id='word_1_88' title='bbox 2475 1568 2690 1648; x_wconf 82' lang='lat' dir='ltr'><strong>imagi-</strong></span> 
     </span>
     <span class='ocr_line' id='line_1_11' title="bbox 515 1662 2696 1750; baseline 0.001 -23"><span class='ocrx_word' id='word_1_89' title='bbox 515 1685 661 1727; x_wconf 84' lang='lat' dir='ltr'><strong>nem</strong></span> <span class='ocrx_word' id='word_1_90' title='bbox 698 1666 920 1726; x_wconf 85' lang='lat' dir='ltr'><strong>intueri</strong></span> <span class='ocrx_word' id='word_1_91' title='bbox 960 1675 1263 1727; x_wconf 76' lang='lat' dir='ltr'><strong>asseverat</strong></span> <span class='ocrx_word' id='word_1_92' title='bbox 1287 1709 1309 1744; x_wconf 86' lang='lat'>,</span> <span class='ocrx_word' id='word_1_93' title='bbox 1350 1666 1456 1749; x_wconf 89' lang='lat' dir='ltr'><strong>qui</strong></span> <span class='ocrx_word' id='word_1_94' title='bbox 1498 1675 1623 1730; x_wconf 84' lang='lat' dir='ltr'><strong>tam</strong></span> <span class='ocrx_word' id='word_1_95' title='bbox 1664 1662 1942 1730; x_wconf 81' lang='lat' dir='ltr'><strong>celeriter</strong></span> <span class='ocrx_word' id='word_1_96' title='bbox 1980 1666 2345 1747; x_wconf 84' lang='lat' dir='ltr'><strong>arripuisse,</strong></span> <span class='ocrx_word' id='word_1_97' title='bbox 2388 1676 2513 1728; x_wconf 84' lang='lat' dir='ltr'><strong>tam</strong></span> <span class='ocrx_word' id='word_1_98' title='bbox 2553 1679 2696 1750; x_wconf 86' lang='lat' dir='ltr'><strong>apte</strong></span> 
     </span>
     <span class='ocr_line' id='line_1_12' title="bbox 517 1764 2692 1849; baseline 0 -23"><span class='ocrx_word' id='word_1_99' title='bbox 517 1764 868 1849; x_wconf 81' lang='lat' dir='ltr'><strong>explicasset</strong></span> <span class='ocrx_word' id='word_1_100' title='bbox 886 1808 906 1844; x_wconf 88' lang='lat'><strong>,</strong></span> <span class='ocrx_word' id='word_1_101' title='bbox 948 1775 1011 1825; x_wconf 93' lang='lat' dir='ltr'><strong>et</strong></span> <span class='ocrx_word' id='word_1_102' title='bbox 1046 1764 1454 1847; x_wconf 82' lang='lat' dir='ltr'><strong>promtissime</strong></span> <span class='ocrx_word' id='word_1_103' title='bbox 1489 1766 1906 1848; x_wconf 74' lang='lat' dir='ltr'><strong>transegisset,</strong></span> <span class='ocrx_word' id='word_1_104' title='bbox 1963 1785 2120 1847; x_wconf 83' lang='lat' dir='ltr'><strong>quae</strong></span> <span class='ocrx_word' id='word_1_105' title='bbox 2155 1786 2256 1827; x_wconf 88' lang='lat' dir='ltr'><strong>res</strong></span> <span class='ocrx_word' id='word_1_106' title='bbox 2292 1765 2652 1848; x_wconf 81' lang='lat' dir='ltr'><strong>postulasset</strong></span> <span class='ocrx_word' id='word_1_107' title='bbox 2671 1810 2692 1844; x_wconf 89' lang='lat'>‚</span> 
     </span>
     <span class='ocr_line' id='line_1_13' title="bbox 514 1862 2690 1949; baseline -0.001 -21"><span class='ocrx_word' id='word_1_108' title='bbox 514 1876 590 1928; x_wconf 89' lang='lat' dir='ltr'><strong>ut</strong></span> <span class='ocrx_word' id='word_1_109' title='bbox 627 1866 903 1928; x_wconf 86' lang='lat' dir='ltr'><strong>statuerit</strong></span> <span class='ocrx_word' id='word_1_110' title='bbox 920 1909 942 1949; x_wconf 84' lang='lat'>‚</span> <span class='ocrx_word' id='word_1_111' title='bbox 984 1866 1035 1926; x_wconf 90' lang='lat' dir='ltr'><strong>si</strong></span> <span class='ocrx_word' id='word_1_112' title='bbox 1075 1862 1305 1947; x_wconf 80' lang='lat' dir='ltr'><strong>absque</strong></span> <span class='ocrx_word' id='word_1_113' title='bbox 1342 1884 1687 1926; x_wconf 83' lang='lat' dir='ltr'><strong>successore</strong></span> <span class='ocrx_word' id='word_1_114' title='bbox 1723 1884 1795 1925; x_wconf 82' lang='lat' dir='ltr'><strong>ex</strong></span> <span class='ocrx_word' id='word_1_115' title='bbox 1852 1884 1920 1926; x_wconf 86' lang='lat' dir='ltr'><strong>se</strong></span> <span class='ocrx_word' id='word_1_116' title='bbox 1955 1873 2099 1926; x_wconf 81' lang='lat' dir='ltr'><strong>nato</strong></span> <span class='ocrx_word' id='word_1_117' title='bbox 2134 1876 2475 1928; x_wconf 87' lang='lat' dir='ltr'><strong>moreretur</strong></span> <span class='ocrx_word' id='word_1_118' title='bbox 2490 1910 2508 1943; x_wconf 87' lang='lat'>‚</span> <span class='ocrx_word' id='word_1_119' title='bbox 2551 1886 2690 1926; x_wconf 87' lang='lat' dir='ltr'><strong>sua-</strong></span> 
     </span>
     <span class='ocr_line' id='line_1_14' title="bbox 516 1961 2692 2048; baseline -0.001 -21"><span class='ocrx_word' id='word_1_120' title='bbox 516 1964 663 2027; x_wconf 86' lang='lat' dir='ltr'><strong>dere</strong></span> <span class='ocrx_word' id='word_1_121' title='bbox 735 1963 1090 2048; x_wconf 87' lang='lat' dir='ltr'><strong>proceribus</strong></span> <span class='ocrx_word' id='word_1_122' title='bbox 1107 2007 1130 2044; x_wconf 88' lang='lat'>,</span> <span class='ocrx_word' id='word_1_123' title='bbox 1196 1962 1371 2025; x_wconf 83' lang='lat' dir='ltr'><strong>illum</strong></span> <span class='ocrx_word' id='word_1_124' title='bbox 1423 1974 1572 2025; x_wconf 84' lang='lat' dir='ltr'><strong>ante</strong></span> <span class='ocrx_word' id='word_1_125' title='bbox 1638 1961 1792 2024; x_wconf 85' lang='lat' dir='ltr'><strong>alios</strong></span> <span class='ocrx_word' id='word_1_126' title='bbox 1843 1965 2269 2047; x_wconf 87' lang='lat' dir='ltr'><strong>imperatorem</strong></span> <span class='ocrx_word' id='word_1_127' title='bbox 2331 1964 2692 2048; x_wconf 79' lang='lat' dir='ltr'><strong>eligendum,</strong></span> 
     </span>
     <span class='ocr_line' id='line_1_15' title="bbox 507 2062 2692 2147; baseline -0.001 -20"><span class='ocrx_word' id='word_1_128' title='bbox 507 2063 972 2127; x_wconf 75' lang='lat' dir='ltr'><strong>Animadvertis</strong></span> <span class='ocrx_word' id='word_1_129' title='bbox 1032 2064 1217 2145; x_wconf 83' lang='lat' dir='ltr'><strong>igitur</strong></span> <span class='ocrx_word' id='word_1_130' title='bbox 1233 2106 1254 2142; x_wconf 86' lang='lat'>,</span> <span class='ocrx_word' id='word_1_131' title='bbox 1314 2062 1799 2124; x_wconf 84' lang='lat' dir='ltr'><strong>Cantacuzenum</strong></span> <span class='ocrx_word' id='word_1_132' title='bbox 1853 2065 2110 2145; x_wconf 85' lang='lat' dir='ltr'><strong>imperio</strong></span> <span class='ocrx_word' id='word_1_133' title='bbox 2158 2064 2410 2147; x_wconf 85' lang='lat' dir='ltr'><strong>dignum</strong></span> <span class='ocrx_word' id='word_1_134' title='bbox 2465 2064 2692 2125; x_wconf 85' lang='lat' dir='ltr'><strong>iudica-</strong></span> 
     </span>
     <span class='ocr_line' id='line_1_16' title="bbox 516 2160 2692 2247; baseline 0.001 -24"><span class='ocrx_word' id='word_1_135' title='bbox 516 2172 653 2223; x_wconf 89' lang='lat' dir='ltr'><strong>tum</strong></span> <span class='ocrx_word' id='word_1_136' title='bbox 678 2205 697 2242; x_wconf 88' lang='lat'>,</span> <span class='ocrx_word' id='word_1_137' title='bbox 740 2161 792 2223; x_wconf 88' lang='lat' dir='ltr'><strong>si</strong></span> <span class='ocrx_word' id='word_1_138' title='bbox 833 2182 1017 2223; x_wconf 82' lang='lat' dir='ltr'><strong>avum</strong></span> <span class='ocrx_word' id='word_1_139' title='bbox 1055 2164 1185 2223; x_wconf 89' lang='lat' dir='ltr'><strong>eius</strong></span> <span class='ocrx_word' id='word_1_140' title='bbox 1224 2160 1555 2241; x_wconf 84' lang='lat' dir='ltr'><strong>iudicavit,</strong></span> <span class='ocrx_word' id='word_1_141' title='bbox 1615 2164 1789 2225; x_wconf 87' lang='lat' dir='ltr'><strong>cuius</strong></span> <span class='ocrx_word' id='word_1_142' title='bbox 1827 2163 1894 2224; x_wconf 85' lang='lat' dir='ltr'><strong>in</strong></span> <span class='ocrx_word' id='word_1_143' title='bbox 1933 2162 2067 2246; x_wconf 88' lang='lat' dir='ltr'><strong>ipso</strong></span> <span class='ocrx_word' id='word_1_144' title='bbox 2106 2183 2451 2247; x_wconf 81' lang='lat' dir='ltr'><strong>expressum</strong></span> <span class='ocrx_word' id='word_1_145' title='bbox 2492 2184 2559 2227; x_wconf 87' lang='lat' dir='ltr'><strong>se</strong></span> <span class='ocrx_word' id='word_1_146' title='bbox 2596 2166 2692 2225; x_wconf 89' lang='lat' dir='ltr'><strong>in·</strong></span> 
     </span>
     <span class='ocr_line' id='line_1_17' title="bbox 512 2259 1604 2324; baseline -0.002 0"><span class='ocrx_word' id='word_1_147' title='bbox 512 2262 674 2324; x_wconf 86' lang='lat' dir='ltr'><strong>tueri</strong></span> <span class='ocrx_word' id='word_1_148' title='bbox 713 2260 1104 2322; x_wconf 86' lang='lat' dir='ltr'><strong>simulacrum</strong></span> <span class='ocrx_word' id='word_1_149' title='bbox 1143 2259 1450 2323; x_wconf 86' lang='lat' dir='ltr'><strong>coufessus</strong></span> <span class='ocrx_word' id='word_1_150' title='bbox 1488 2270 1604 2322; x_wconf 85' lang='lat' dir='ltr'><strong>est.</strong></span> 
     </span>
    </p>

    <p class='ocr_par' dir='ltr' id='par_1_5' title="bbox 448 2355 2702 3124">
     <span class='ocr_line' id='line_1_18' title="bbox 685 2355 2696 2443; baseline 0.002 -22"><span class='ocrx_word' id='word_1_151' title='bbox 685 2361 985 2443; x_wconf 79' lang='lat' dir='ltr'><strong>Gregoras</strong></span> <span class='ocrx_word' id='word_1_152' title='bbox 1040 2359 1199 2422; x_wconf 87' lang='lat' dir='ltr'><strong>libro</strong></span> <span class='ocrx_word' id='word_1_153' title='bbox 1239 2380 1403 2422; x_wconf 87' lang='lat' dir='ltr'><strong>nono</strong></span> <span class='ocrx_word' id='word_1_154' title='bbox 1460 2359 1539 2422; x_wconf 87' lang='lat' dir='ltr'><strong>de</strong></span> <span class='ocrx_word' id='word_1_155' title='bbox 1579 2355 1812 2425; x_wconf 87' lang='lat' dir='ltr'><strong>eodem.</strong></span> <span class='ocrx_word' id='word_1_156' title='bbox 1913 2356 2124 2424; x_wconf 79' lang='lat' dir='ltr'><strong>Ceteri</strong></span> <span class='ocrx_word' id='word_1_157' title='bbox 2181 2362 2301 2424; x_wconf 85' lang='lat' dir='ltr'><strong>illa</strong></span> <span class='ocrx_word' id='word_1_158' title='bbox 2325 2362 2696 2425; x_wconf 71' lang='lat' dir='ltr'><strong>mutatione</strong></span> 
     </span>
     <span class='ocr_line' id='line_1_19' title="bbox 515 2458 2695 2545; baseline 0 -21"><span class='ocrx_word' id='word_1_159' title='bbox 515 2460 689 2524; x_wconf 71' lang='lat' dir='ltr'><strong>velut</strong></span> <span class='ocrx_word' id='word_1_160' title='bbox 732 2462 928 2526; x_wconf 86' lang='lat' dir='ltr'><strong>multo</strong></span> <span class='ocrx_word' id='word_1_161' title='bbox 978 2481 1150 2524; x_wconf 83' lang='lat' dir='ltr'><strong>mero</strong></span> <span class='ocrx_word' id='word_1_162' title='bbox 1205 2460 1369 2524; x_wconf 79' lang='lat' dir='ltr'><strong>ebrii</strong></span> <span class='ocrx_word' id='word_1_163' title='bbox 1398 2461 1745 2524; x_wconf 79' lang='lat' dir='ltr'><strong>insolenter</strong></span> <span class='ocrx_word' id='word_1_164' title='bbox 1782 2458 2060 2545; x_wconf 80' lang='lat' dir='ltr'><strong>fortuna</strong></span> <span class='ocrx_word' id='word_1_165' title='bbox 2111 2476 2259 2525; x_wconf 82' lang='lat' dir='ltr'><strong>sunt</strong></span> <span class='ocrx_word' id='word_1_166' title='bbox 2290 2464 2490 2527; x_wconf 81' lang='lat' dir='ltr'><strong>abusi.</strong></span> <span class='ocrx_word' id='word_1_167' title='bbox 2573 2463 2695 2525; x_wconf 85' lang='lat' dir='ltr'><strong>Ille</strong></span> 
     </span>
     <span class='ocr_line' id='line_1_20' title="bbox 520 2559 2702 2646; baseline -0.001 -21"><span class='ocrx_word' id='word_1_168' title='bbox 520 2575 746 2625; x_wconf 81' lang='lat' dir='ltr'><strong>contra</strong></span> <span class='ocrx_word' id='word_1_169' title='bbox 793 2562 1072 2625; x_wconf 76' lang='lat' dir='ltr'><strong>naturali</strong></span> <span class='ocrx_word' id='word_1_170' title='bbox 1102 2559 1450 2646; x_wconf 82' lang='lat' dir='ltr'><strong>prudentia</strong></span> <span class='ocrx_word' id='word_1_171' title='bbox 1500 2572 1563 2622; x_wconf 89' lang='lat' dir='ltr'><strong>et</strong></span> <span class='ocrx_word' id='word_1_172' title='bbox 1591 2581 1818 2644; x_wconf 75' lang='lat' dir='ltr'><strong>magno</strong></span> <span class='ocrx_word' id='word_1_173' title='bbox 1867 2563 2123 2642; x_wconf 76' lang='lat' dir='ltr'><strong>ingenio</strong></span> <span class='ocrx_word' id='word_1_174' title='bbox 2167 2576 2474 2636; x_wconf 82' lang='lat' dir='ltr'><strong>ornatus,</strong></span> <span class='ocrx_word' id='word_1_175' title='bbox 2517 2582 2583 2623; x_wconf 81' lang='lat' dir='ltr'><strong>se</strong></span> <span class='ocrx_word' id='word_1_176' title='bbox 2608 2560 2702 2624; x_wconf 78' lang='lat' dir='ltr'><strong>ad</strong></span> 
     </span>
     <span class='ocr_line' id='line_1_21' title="bbox 516 2659 2700 2746; baseline -0.001 -21"><span class='ocrx_word' id='word_1_177' title='bbox 516 2674 807 2726; x_wconf 80' lang='lat' dir='ltr'><strong>veterum</strong></span> <span class='ocrx_word' id='word_1_178' title='bbox 831 2661 1367 2746; x_wconf 81' lang='lat' dir='ltr'><strong>praestantiorum</strong></span> <span class='ocrx_word' id='word_1_179' title='bbox 1400 2662 1689 2723; x_wconf 78' lang='lat' dir='ltr'><strong>virorum</strong></span> <span class='ocrx_word' id='word_1_180' title='bbox 1727 2681 1935 2723; x_wconf 82' lang='lat' dir='ltr'><strong>mores</strong></span> <span class='ocrx_word' id='word_1_181' title='bbox 1974 2659 2411 2742; x_wconf 81' lang='lat' dir='ltr'><strong>conformabat</strong></span> <span class='ocrx_word' id='word_1_182' title='bbox 2452 2673 2515 2723; x_wconf 87' lang='lat' dir='ltr'><strong>et</strong></span> <span class='ocrx_word' id='word_1_183' title='bbox 2557 2681 2700 2722; x_wconf 76' lang='lat' dir='ltr'><strong>ma-</strong></span> 
     </span>
     <span class='ocr_line' id='line_1_22' title="bbox 448 2758 2700 2846; baseline -0.001 -23"><span class='ocrx_word' id='word_1_184' title='bbox 448 2779 457 2790; x_wconf 87' lang='lat'><strong>·</strong></span> <span class='ocrx_word' id='word_1_185' title='bbox 515 2761 888 2846; x_wconf 75' lang='lat' dir='ltr'><strong>gmflcentia</strong></span> <span class='ocrx_word' id='word_1_186' title='bbox 915 2779 1163 2823; x_wconf 79' lang='lat' dir='ltr'><strong>morum</strong></span> <span class='ocrx_word' id='word_1_187' title='bbox 1203 2771 1265 2822; x_wconf 88' lang='lat' dir='ltr'><strong>et</strong></span> <span class='ocrx_word' id='word_1_188' title='bbox 1311 2761 1513 2822; x_wconf 83' lang='lat' dir='ltr'><strong>animi</strong></span> <span class='ocrx_word' id='word_1_189' title='bbox 1556 2759 1956 2823; x_wconf 75' lang='lat' dir='ltr'><strong>liberalitate.</strong></span> <span class='ocrx_word' id='word_1_190' title='bbox 2037 2758 2125 2822; x_wconf 88' lang='lat' dir='ltr'><strong>Et</strong></span> <span class='ocrx_word' id='word_1_191' title='bbox 2149 2779 2291 2823; x_wconf 87' lang='lat' dir='ltr'><strong>cum</strong></span> <span class='ocrx_word' id='word_1_192' title='bbox 2323 2774 2472 2822; x_wconf 85' lang='lat' dir='ltr'><strong>tunc</strong></span> <span class='ocrx_word' id='word_1_193' title='bbox 2500 2777 2604 2820; x_wconf 81' lang='lat' dir='ltr'><strong>res</strong></span> <span class='ocrx_word' id='word_1_194' title='bbox 2637 2759 2700 2821; x_wconf 83' lang='lat' dir='ltr'><strong>ei</strong></span> 
     </span>
     <span class='ocr_line' id='line_1_23' title="bbox 511 2858 2696 2946; baseline -0.001 -23"><span class='ocrx_word' id='word_1_195' title='bbox 511 2860 797 2946; x_wconf 80' lang='lat' dir='ltr'><strong>feliciter</strong></span> <span class='ocrx_word' id='word_1_196' title='bbox 834 2860 1312 2935; x_wconf 86' lang='lat' dir='ltr'><strong>successissent,</strong></span> <span class='ocrx_word' id='word_1_197' title='bbox 1332 2858 1668 2943; x_wconf 81' lang='lat' dir='ltr'><strong>fortunam</strong></span> <span class='ocrx_word' id='word_1_198' title='bbox 1699 2881 1827 2923; x_wconf 85' lang='lat' dir='ltr'><strong>non</strong></span> <span class='ocrx_word' id='word_1_199' title='bbox 1866 2860 2207 2939; x_wconf 80' lang='lat' dir='ltr'><strong>lacessivit,</strong></span> <span class='ocrx_word' id='word_1_200' title='bbox 2250 2879 2449 2943; x_wconf 84' lang='lat' dir='ltr'><strong>neque</strong></span> <span class='ocrx_word' id='word_1_201' title='bbox 2477 2861 2696 2921; x_wconf 82' lang='lat' dir='ltr'><strong>immo·</strong></span> 
     </span>
     <span class='ocr_line' id='line_1_24' title="bbox 518 2957 2701 3046; baseline -0.002 -23"><span class='ocrx_word' id='word_1_202' title='bbox 518 2959 662 3023; x_wconf 79' lang='lat' dir='ltr'><strong>dice</strong></span> <span class='ocrx_word' id='word_1_203' title='bbox 700 2960 1107 3046; x_wconf 79' lang='lat' dir='ltr'><strong>supercilium</strong></span> <span class='ocrx_word' id='word_1_204' title='bbox 1146 2961 1426 3024; x_wconf 71' lang='lat' dir='ltr'><strong>arrexit:</strong></span> <span class='ocrx_word' id='word_1_205' title='bbox 1466 2957 1587 3021; x_wconf 82' lang='lat' dir='ltr'><strong>sed</strong></span> <span class='ocrx_word' id='word_1_206' title='bbox 1620 2972 1861 3023; x_wconf 79' lang='lat' dir='ltr'><strong>retenta</strong></span> <span class='ocrx_word' id='word_1_207' title='bbox 1900 2960 2098 3021; x_wconf 85' lang='lat' dir='ltr'><strong>animi</strong></span> <span class='ocrx_word' id='word_1_208' title='bbox 2131 2959 2465 3040; x_wconf 77' lang='lat' dir='ltr'><strong>gravitate,</strong></span> <span class='ocrx_word' id='word_1_209' title='bbox 2525 2959 2701 3020; x_wconf 78' lang='lat' dir='ltr'><strong>intra</strong></span> 
     </span>
     <span class='ocr_line' id='line_1_25' title="bbox 518 3058 2620 3124; baseline -0.001 0"><span class='ocrx_word' id='word_1_210' title='bbox 518 3058 864 3124; x_wconf 82' lang='lat' dir='ltr'><strong>modestiae</strong></span> <span class='ocrx_word' id='word_1_211' title='bbox 901 3060 1136 3123; x_wconf 83' lang='lat' dir='ltr'><strong>limites</strong></span> <span class='ocrx_word' id='word_1_212' title='bbox 1175 3062 1469 3123; x_wconf 86' lang='lat' dir='ltr'><strong>immotus</strong></span> <span class='ocrx_word' id='word_1_213' title='bbox 1512 3061 1764 3122; x_wconf 86' lang='lat' dir='ltr'><strong>mansit.</strong></span> <span class='ocrx_word' id='word_1_214' title='bbox 2615 3075 2620 3082; x_wconf 84' lang='lat'><em>·</em></span> 
     </span>
    </p>

    <p class='ocr_par' dir='ltr' id='par_1_6' title="bbox 515 3156 2710 3642">
     <span class='ocr_line' id='line_1_26' title="bbox 686 3156 2701 3242; baseline -0.001 -21"><span class='ocrx_word' id='word_1_215' title='bbox 686 3160 954 3221; x_wconf 82' lang='lat' dir='ltr'><strong>Rursum</strong></span> <span class='ocrx_word' id='word_1_216' title='bbox 991 3159 1103 3221; x_wconf 83' lang='lat' dir='ltr'><strong>lib.</strong></span> <span class='ocrx_word' id='word_1_217' title='bbox 1157 3179 1252 3222; x_wconf 72' lang='lat' dir='ltr'><strong>to.</strong></span> <span class='ocrx_word' id='word_1_218' title='bbox 1334 3159 1485 3222; x_wconf 86' lang='lat' dir='ltr'><strong>Hac</strong></span> <span class='ocrx_word' id='word_1_219' title='bbox 1525 3161 1812 3223; x_wconf 80' lang='lat' dir='ltr'><strong>oratione</strong></span> <span class='ocrx_word' id='word_1_220' title='bbox 1851 3156 2255 3242; x_wconf 80' lang='lat' dir='ltr'><strong>confirmati,</strong></span> <span class='ocrx_word' id='word_1_221' title='bbox 2296 3178 2512 3222; x_wconf 83' lang='lat' dir='ltr'><strong>omnes</strong></span> <span class='ocrx_word' id='word_1_222' title='bbox 2536 3168 2701 3219; x_wconf 79' lang='lat' dir='ltr'><strong>stre-</strong></span> 
     </span>
     <span class='ocr_line' id='line_1_27' title="bbox 522 3255 2710 3343; baseline -0.003 -23"><span class='ocrx_word' id='word_1_223' title='bbox 522 3278 643 3320; x_wconf 87' lang='lat' dir='ltr'><strong>nue</strong></span> <span class='ocrx_word' id='word_1_224' title='bbox 716 3279 791 3321; x_wconf 87' lang='lat' dir='ltr'><strong>ac</strong></span> <span class='ocrx_word' id='word_1_225' title='bbox 860 3255 1130 3340; x_wconf 79' lang='lat' dir='ltr'><strong>sortiter·</strong></span> <span class='ocrx_word' id='word_1_226' title='bbox 1181 3258 1387 3320; x_wconf 75' lang='lat' dir='ltr'><strong>hostes</strong></span> <span class='ocrx_word' id='word_1_227' title='bbox 1429 3261 1813 3326; x_wconf 81' lang='lat' dir='ltr'><strong>invaserunt.</strong></span> <span class='ocrx_word' id='word_1_228' title='bbox 1896 3258 2203 3343; x_wconf 82' lang='lat' dir='ltr'><strong>Inprimis</strong></span> <span class='ocrx_word' id='word_1_229' title='bbox 2244 3278 2401 3320; x_wconf 81' lang='lat' dir='ltr'><strong>vero</strong></span> <span class='ocrx_word' id='word_1_230' title='bbox 2441 3275 2710 3336; x_wconf 71' lang='lat' dir='ltr'><strong>magnus·</strong></span> 
     </span>
     <span class='ocr_line' id='line_1_28' title="bbox 523 3355 2704 3442; baseline -0.003 -20"><span class='ocrx_word' id='word_1_231' title='bbox 523 3355 902 3422; x_wconf 83' lang='lat' dir='ltr'><strong>domesticus</strong></span> <span class='ocrx_word' id='word_1_232' title='bbox 933 3355 1420 3430; x_wconf 83' lang='lat' dir='ltr'><strong>Cantacuzenus,</strong></span> <span class='ocrx_word' id='word_1_233' title='bbox 1462 3358 1575 3442; x_wconf 82' lang='lat' dir='ltr'><strong>qui</strong></span> <span class='ocrx_word' id='word_1_234' title='bbox 1599 3357 1814 3419; x_wconf 84' lang='lat' dir='ltr'><strong>multis</strong></span> <span class='ocrx_word' id='word_1_235' title='bbox 1855 3358 2130 3430; x_wconf 81' lang='lat' dir='ltr'><strong>ensibus,</strong></span> <span class='ocrx_word' id='word_1_236' title='bbox 2172 3356 2386 3419; x_wconf 80' lang='lat' dir='ltr'><strong>multis</strong></span> <span class='ocrx_word' id='word_1_237' title='bbox 2423 3355 2567 3417; x_wconf 83' lang='lat' dir='ltr'><strong>telis</strong></span> <span class='ocrx_word' id='word_1_238' title='bbox 2593 3355 2704 3416; x_wconf 67' lang='lat' dir='ltr'><strong>lio·</strong></span> 
     </span>
     <span class='ocr_line' id='line_1_29' title="bbox 520 3456 2702 3542; baseline -0.002 -23"><span class='ocrx_word' id='word_1_239' title='bbox 520 3458 710 3520; x_wconf 83' lang='lat' dir='ltr'><strong>stium</strong></span> <span class='ocrx_word' id='word_1_240' title='bbox 747 3457 986 3539; x_wconf 78' lang='lat' dir='ltr'><strong>petitus</strong></span> <span class='ocrx_word' id='word_1_241' title='bbox 1026 3468 1212 3539; x_wconf 84' lang='lat' dir='ltr'><strong>atque</strong></span> <span class='ocrx_word' id='word_1_242' title='bbox 1276 3456 1616 3540; x_wconf 84' lang='lat' dir='ltr'><strong>impulsus,</strong></span> <span class='ocrx_word' id='word_1_243' title='bbox 1667 3458 1803 3541; x_wconf 80' lang='lat' dir='ltr'><strong>ipse</strong></span> <span class='ocrx_word' id='word_1_244' title='bbox 1842 3456 2104 3541; x_wconf 81' lang='lat' dir='ltr'><strong>quidem</strong></span> <span class='ocrx_word' id='word_1_245' title='bbox 2137 3457 2451 3542; x_wconf 82' lang='lat' dir='ltr'><strong>plurimos</strong></span> <span class='ocrx_word' id='word_1_246' title='bbox 2491 3456 2702 3516; x_wconf 73' lang='lat' dir='ltr'><strong>hostes</strong></span> 
     </span>
     <span class='ocr_line' id='line_1_30' title="bbox 515 3551 2698 3642; baseline -0.003 -24"><span class='ocrx_word' id='word_1_247' title='bbox 515 3556 902 3642; x_wconf 58' lang='lat' dir='ltr'><strong>prostravi&amp;</strong></span> <span class='ocrx_word' id='word_1_248' title='bbox 944 3553 1061 3617; x_wconf 83' lang='lat' dir='ltr'><strong>sed</strong></span> <span class='ocrx_word' id='word_1_249' title='bbox 1095 3575 1294 3639; x_wconf 86' lang='lat' dir='ltr'><strong>neque</strong></span> <span class='ocrx_word' id='word_1_250' title='bbox 1336 3555 1557 3641; x_wconf 78' lang='lat' dir='ltr'><strong>clypeo</strong></span> <span class='ocrx_word' id='word_1_251' title='bbox 1578 3601 1598 3636; x_wconf 88' lang='lat'>,</span> <span class='ocrx_word' id='word_1_252' title='bbox 1641 3576 1839 3640; x_wconf 86' lang='lat' dir='ltr'><strong>neque</strong></span> <span class='ocrx_word' id='word_1_253' title='bbox 1877 3555 2100 3638; x_wconf 76' lang='lat' dir='ltr'><strong>gladio</strong></span> <span class='ocrx_word' id='word_1_254' title='bbox 2143 3558 2409 3632; x_wconf 82' lang='lat' dir='ltr'><strong>amisso,</strong></span> <span class='ocrx_word' id='word_1_255' title='bbox 2454 3551 2698 3615; x_wconf 82' lang='lat' dir='ltr'><strong>incolu-</strong></span> 
     </span>
    </p>
   </div>
   <div class='ocr_carea' id='block_1_5' title="bbox 523 3653 2824 3742">
    <p class='ocr_par' dir='ltr' id='par_1_7' title="bbox 523 3653 2824 3742">
     <span class='ocr_line' id='line_1_31' title="bbox 523 3653 2824 3742; baseline -0.002 -24"><span class='ocrx_word' id='word_1_256' title='bbox 523 3659 643 3718; x_wconf 85' lang='lat' dir='ltr'><strong>mis</strong></span> <span class='ocrx_word' id='word_1_257' title='bbox 684 3677 719 3719; x_wconf 87' lang='lat' dir='ltr'><strong>e</strong></span> <span class='ocrx_word' id='word_1_258' title='bbox 765 3654 1013 3742; x_wconf 79' lang='lat' dir='ltr'><strong>praelio</strong></span> <span class='ocrx_word' id='word_1_259' title='bbox 1056 3656 1300 3736; x_wconf 80' lang='lat' dir='ltr'><strong>evasit,</strong></span> <span class='ocrx_word' id='word_1_260' title='bbox 1364 3656 1540 3720; x_wconf 77' lang='lat' dir='ltr'><strong>velut</strong></span> <span class='ocrx_word' id='word_1_261' title='bbox 1603 3657 2030 3738; x_wconf 77' lang='lat' dir='ltr'><strong>agglutinatus</strong></span> <span class='ocrx_word' id='word_1_262' title='bbox 2091 3668 2277 3740; x_wconf 84' lang='lat' dir='ltr'><strong>atque</strong></span> <span class='ocrx_word' id='word_1_263' title='bbox 2331 3653 2581 3739; x_wconf 76' lang='lat' dir='ltr'><strong>infixus</strong></span> <span class='ocrx_word' id='word_1_264' title='bbox 2636 3672 2698 3714; x_wconf 86' lang='lat' dir='ltr'><strong>e·</strong></span> <span class='ocrx_word' id='word_1_265' title='bbox 2815 3681 2824 3687; x_wconf 72' lang='lat'><em>-</em></span> 
     </span>
    </p>
   </div>
   <div class='ocr_carea' id='block_1_6' title="bbox 524 3777 2703 4239">
    <p class='ocr_par' dir='ltr' id='par_1_8' title="bbox 525 3777 673 3844">
     <span class='ocr_line' id='line_1_32' title="bbox 525 3777 673 3844; baseline 0.041 -24"><span class='ocrx_word' id='word_1_266' title='bbox 525 3777 673 3844; x_wconf 76' lang='lat' dir='ltr'><strong>quo,</strong></span> 
     </span>
    </p>

    <p class='ocr_par' dir='ltr' id='par_1_9' title="bbox 524 3849 2703 4239">
     <span class='ocr_line' id='line_1_33' title="bbox 690 3849 2700 3939; baseline -0.004 -20"><span class='ocrx_word' id='word_1_267' title='bbox 690 3857 776 3919; x_wconf 88' lang='lat' dir='ltr'><strong>Et</strong></span> <span class='ocrx_word' id='word_1_268' title='bbox 814 3855 972 3919; x_wconf 87' lang='lat' dir='ltr'><strong>libro</strong></span> <span class='ocrx_word' id='word_1_269' title='bbox 1016 3855 1358 3920; x_wconf 83' lang='lat' dir='ltr'><strong>undecimo.</strong></span> <span class='ocrx_word' id='word_1_270' title='bbox 1442 3855 1624 3920; x_wconf 77' lang='lat' dir='ltr'><strong>Adeo</strong></span> <span class='ocrx_word' id='word_1_271' title='bbox 1668 3877 2037 3939; x_wconf 80' lang='lat' dir='ltr'><strong>magnorum</strong></span> <span class='ocrx_word' id='word_1_272' title='bbox 2077 3873 2335 3939; x_wconf 80' lang='lat' dir='ltr'><strong>operum</strong></span> <span class='ocrx_word' id='word_1_273' title='bbox 2372 3849 2700 3931; x_wconf 75' lang='lat' dir='ltr'><strong>ingeniosa</strong></span> 
     </span>
     <span class='ocr_line' id='line_1_34' title="bbox 524 3935 2703 4041; baseline -0.005 -23"><span class='ocrx_word' id='word_1_274' title='bbox 524 3955 828 4041; x_wconf 73' lang='lat' dir='ltr'><strong>effectrix</strong></span> <span class='ocrx_word' id='word_1_275' title='bbox 866 3958 1078 4038; x_wconf 81' lang='lat' dir='ltr'><strong>magni</strong></span> <span class='ocrx_word' id='word_1_276' title='bbox 1100 3935 1430 4021; x_wconf 59' lang='lat' dir='ltr'><strong>domestici</strong></span> <span class='ocrx_word' id='word_1_277' title='bbox 1465 3960 1868 4022; x_wconf 79' lang='lat' dir='ltr'><strong>taciturnitas</strong></span> <span class='ocrx_word' id='word_1_278' title='bbox 1902 3956 2143 4022; x_wconf 72' lang='lat' dir='ltr'><strong>extitit.</strong></span> <span class='ocrx_word' id='word_1_279' title='bbox 2217 3953 2384 4015; x_wconf 85' lang='lat' dir='ltr'><strong>Nam</strong></span> <span class='ocrx_word' id='word_1_280' title='bbox 2424 3949 2703 4011; x_wconf 77' lang='lat' dir='ltr'><strong>aliorum</strong></span> 
     </span>
     <span class='ocr_line' id='line_1_35' title="bbox 524 4039 2698 4138; baseline -0.005 -22"><span class='ocrx_word' id='word_1_281' title='bbox 524 4052 782 4138; x_wconf 81' lang='lat' dir='ltr'><strong>quidem</strong></span> <span class='ocrx_word' id='word_1_282' title='bbox 836 4056 1029 4118; x_wconf 76' lang='lat' dir='ltr'><strong>verba</strong></span> <span class='ocrx_word' id='word_1_283' title='bbox 1083 4058 1341 4120; x_wconf 79' lang='lat' dir='ltr'><strong>umbrae</strong></span> <span class='ocrx_word' id='word_1_284' title='bbox 1394 4070 1635 4119; x_wconf 78' lang='lat' dir='ltr'><strong>tantum</strong></span> <span class='ocrx_word' id='word_1_285' title='bbox 1678 4069 1821 4117; x_wconf 83' lang='lat' dir='ltr'><strong>sunt</strong></span> <span class='ocrx_word' id='word_1_286' title='bbox 1864 4076 2162 4138; x_wconf 81' lang='lat' dir='ltr'><strong>operum,</strong></span> <span class='ocrx_word' id='word_1_287' title='bbox 2204 4039 2395 4114; x_wconf 66' lang='lat' dir='ltr'><strong>sium!</strong></span> <span class='ocrx_word' id='word_1_288' title='bbox 2433 4062 2619 4131; x_wconf 78' lang='lat' dir='ltr'><strong>atquc</strong></span> <span class='ocrx_word' id='word_1_289' title='bbox 2663 4066 2698 4106; x_wconf 82' lang='lat' dir='ltr'><strong>e</strong></span> 
     </span>
     <span class='ocr_line' id='line_1_36' title="bbox 524 4145 2697 4239; baseline -0.016 -1"><span class='ocrx_word' id='word_1_290' title='bbox 524 4156 737 4236; x_wconf 60' lang='lat' dir='ltr'><strong>‘influa</strong></span> <span class='ocrx_word' id='word_1_291' title='bbox 773 4154 1162 4239; x_wconf 61' lang='lat' dir='ltr'><strong>Pffldl&#39;ssrl‘nt,</strong></span> <span class='ocrx_word' id='word_1_292' title='bbox 1208 4157 1575 4220; x_wconf 78' lang='lat' dir='ltr'><strong>morientes.-</strong></span> <span class='ocrx_word' id='word_1_293' title='bbox 1618 4157 1751 4220; x_wconf 77' lang='lat' dir='ltr'><strong>viri</strong></span> <span class='ocrx_word' id='word_1_294' title='bbox 1792 4167 2000 4218; x_wconf 80' lang='lat' dir='ltr'><strong>autem</strong></span> <span class='ocrx_word' id='word_1_295' title='bbox 2042 4155 2227 4218; x_wconf 69' lang='lat' dir='ltr'><strong>huius</strong></span> <span class='ocrx_word' id='word_1_296' title='bbox 2271 4149 2460 4222; x_wconf 75' lang='lat' dir='ltr'><strong>etiam</strong></span> <span class='ocrx_word' id='word_1_297' title='bbox 2502 4145 2697 4208; x_wconf 82' lang='lat' dir='ltr'><strong>silen-</strong></span> 
     </span>
    </p>
   </div>
  </div>
 </body>
</html>
