<?xml version="1.0" encoding="UTF-8"?>
<!DOCTYPE html PUBLIC "-//W3C//DTD XHTML 1.0 Transitional//EN"
    "http://www.w3.org/TR/xhtml1/DTD/xhtml1-transitional.dtd">
<html xmlns="http://www.w3.org/1999/xhtml" xml:lang="en" lang="en">
 <head>
  <title>
</title>
<meta http-equiv="Content-Type" content="text/html;charset=utf-8" />
  <meta name='ocr-system' content='tesseract 3.04.00' />
  <meta name='ocr-capabilities' content='ocr_page ocr_carea ocr_par ocr_line ocrx_word'/>
</head>
<body>
  <div class='ocr_page' id='page_1' title='image "./corpusscriptoru14berlgoog_0384.png"; bbox 0 0 2982 4913; ppageno 0'>
   <div class='ocr_carea' id='block_1_1' title="bbox 605 288 1956 405">
    <p class='ocr_par' dir='ltr' id='par_1_1' title="bbox 605 288 1956 405">
     <span class='ocr_line' id='line_1_1' title="bbox 605 288 1956 405; baseline 0.006 -18"><span class='ocrx_word' id='word_1_1' title='bbox 605 288 797 405; x_wconf 72' lang='lat'>340&#39;</span> <span class='ocrx_word' id='word_1_2' title='bbox 1399 308 1956 394; x_wconf 63' lang='lat' dir='ltr'><strong>mmmmm</strong></span> 
     </span>
    </p>
   </div>
   <div class='ocr_carea' id='block_1_2' title="bbox 320 475 2844 2841">
    <p class='ocr_par' dir='ltr' id='par_1_2' title="bbox 320 475 2792 866">
     <span class='ocr_line' id='line_1_2' title="bbox 320 475 2792 570; baseline 0.002 -27"><span class='ocrx_word' id='word_1_3' title='bbox 320 491 379 543; x_wconf 74' lang='lat' dir='ltr'><strong>A.</strong></span> <span class='ocrx_word' id='word_1_4' title='bbox 399 482 824 569; x_wconf 59' lang='grc' dir='ltr'><strong><em>ΕΛΒαὸχιίνην,</em></strong></span> <span class='ocrx_word' id='word_1_5' title='bbox 875 479 985 547; x_wconf 70' lang='grc' dir='ltr'><strong><em>καὶ</em></strong></span> <span class='ocrx_word' id='word_1_6' title='bbox 1022 475 1093 558; x_wconf 72' lang='grc' dir='ltr'><strong><em>ὃς</em></strong></span> <span class='ocrx_word' id='word_1_7' title='bbox 1142 480 1364 570; x_wconf 69' lang='grc' dir='ltr'><strong><em>ἀφῖκτό</em></strong></span> <span class='ocrx_word' id='word_1_8' title='bbox 1402 505 1470 547; x_wconf 89' lang='grc' dir='ltr'><strong><em>τε</em></strong></span> <span class='ocrx_word' id='word_1_9' title='bbox 1502 478 1663 547; x_wconf 74' lang='grc' dir='ltr'><strong><em>κατὰ</em></strong></span> <span class='ocrx_word' id='word_1_10' title='bbox 1693 480 1887 564; x_wconf 78' lang='grc' dir='ltr'><strong><em>τάχος</em></strong></span> <span class='ocrx_word' id='word_1_11' title='bbox 1919 479 2030 546; x_wconf 62' lang='grc' dir='ltr'><strong>καὶ</strong></span> <span class='ocrx_word' id='word_1_12' title='bbox 2047 480 2207 563; x_wconf 82' lang='grc' dir='ltr'><strong><em>μετὰ</em></strong></span> <span class='ocrx_word' id='word_1_13' title='bbox 2238 481 2466 569; x_wconf 77' lang='grc' dir='ltr'><strong><em>πολλῆς</em></strong></span> <span class='ocrx_word' id='word_1_14' title='bbox 2498 483 2608 570; x_wconf 70' lang='grc' dir='ltr'><strong><em>τῆς</em></strong></span> <span class='ocrx_word' id='word_1_15' title='bbox 2640 506 2758 566; x_wconf 74' lang='grc' dir='ltr'><strong><em>με·</em></strong></span> <span class='ocrx_word' id='word_1_16' title='bbox 2779 512 2792 519; x_wconf 81' lang='grc'>-</span> 
     </span>
     <span class='ocr_line' id='line_1_3' title="bbox 607 573 2762 669; baseline 0 -21"><span class='ocrx_word' id='word_1_17' title='bbox 607 578 921 669; x_wconf 81' lang='grc' dir='ltr'><strong><em>τριότητος</em></strong></span> <span class='ocrx_word' id='word_1_18' title='bbox 968 583 1108 662; x_wconf 79' lang='grc' dir='ltr'><strong>καί,</strong></span> <span class='ocrx_word' id='word_1_19' title='bbox 1174 573 1302 645; x_wconf 81' lang='grc' dir='ltr'><strong><em>οἷον</em></strong></span> <span class='ocrx_word' id='word_1_20' title='bbox 1338 580 1533 646; x_wconf 80' lang='grc' dir='ltr'><strong><em>εἰπεῖν</em></strong></span> <span class='ocrx_word' id='word_1_21' title='bbox 1547 630 1569 662; x_wconf 92' lang='grc'><strong><em>,</em></strong></span> <span class='ocrx_word' id='word_1_22' title='bbox 1636 582 1919 655; x_wconf 87' lang='grc' dir='ltr'><strong><em>δουλείας</em></strong></span> <span class='ocrx_word' id='word_1_23' title='bbox 1963 583 2318 664; x_wconf 69' lang='grc' dir='ltr'><strong><em>συνεγένπο</em></strong></span> <span class='ocrx_word' id='word_1_24' title='bbox 2359 583 2448 669; x_wconf 77' lang='grc' dir='ltr'><strong>τῷ</strong></span> <span class='ocrx_word' id='word_1_25' title='bbox 2487 588 2762 664; x_wconf 70' lang='grc' dir='ltr'><strong><em>βασιλεῖ.</em></strong></span> 
     </span>
     <span class='ocr_line' id='line_1_4' title="bbox 605 673 2757 767; baseline -0.001 -21"><span class='ocrx_word' id='word_1_26' title='bbox 605 679 694 756; x_wconf 78' lang='grc' dir='ltr'><strong><em>ὥς</em></strong></span> <span class='ocrx_word' id='word_1_27' title='bbox 717 676 837 765; x_wconf 73' lang='grc' dir='ltr'><strong><em>γὰρ</em></strong></span> <span class='ocrx_word' id='word_1_28' title='bbox 870 676 1050 762; x_wconf 80' lang='grc' dir='ltr'><strong><em>ἐγγύς</em></strong></span> <span class='ocrx_word' id='word_1_29' title='bbox 1092 679 1330 761; x_wconf 82' lang='grc' dir='ltr'><strong><em>ἐγένετο</em></strong></span> <span class='ocrx_word' id='word_1_30' title='bbox 1367 673 1517 744; x_wconf 76' lang='grc' dir='ltr'><strong><em>ὅσον</em></strong></span> <span class='ocrx_word' id='word_1_31' title='bbox 1553 674 1707 766; x_wconf 81' lang='grc' dir='ltr'><strong><em>ὄρᾷν</em></strong></span> <span class='ocrx_word' id='word_1_32' title='bbox 1754 703 1822 743; x_wconf 79' lang='grc' dir='ltr'><strong><em>τε</em></strong></span> <span class='ocrx_word' id='word_1_33' title='bbox 1858 675 1967 745; x_wconf 86' lang='grc' dir='ltr'><strong><em>τὸν</em></strong></span> <span class='ocrx_word' id='word_1_34' title='bbox 2000 681 2267 761; x_wconf 83' lang='grc' dir='ltr'><strong><em>βασιλέα</em></strong></span> <span class='ocrx_word' id='word_1_35' title='bbox 2319 678 2431 743; x_wconf 75' lang='grc' dir='ltr'><strong>καὶ</strong></span> <span class='ocrx_word' id='word_1_36' title='bbox 2472 677 2757 767; x_wconf 78' lang='grc' dir='ltr'><strong><em>ὁρᾶσθαι</em></strong></span> 
     </span>
     <span class='ocr_line' id='line_1_5' title="bbox 606 769 2758 866; baseline -0.001 -21"><span class='ocrx_word' id='word_1_37' title='bbox 606 783 756 866; x_wconf 83' lang='grc' dir='ltr'><strong><em>παρ’</em></strong></span> <span class='ocrx_word' id='word_1_38' title='bbox 790 771 1007 858; x_wconf 79' lang='grc' dir='ltr'><strong><em>αύτοῧ,</em></strong></span> <span class='ocrx_word' id='word_1_39' title='bbox 1067 772 1256 853; x_wconf 81' lang='grc' dir='ltr'><strong><em>αύτός</em></strong></span> <span class='ocrx_word' id='word_1_40' title='bbox 1285 802 1355 842; x_wconf 86' lang='grc' dir='ltr'><strong><em>τε</em></strong></span> <span class='ocrx_word' id='word_1_41' title='bbox 1397 776 1510 841; x_wconf 71' lang='grc' dir='ltr'><strong>καὶ</strong></span> <span class='ocrx_word' id='word_1_42' title='bbox 1553 769 1731 841; x_wconf 70' lang='grc' dir='ltr'><strong><em>ἄλλοι</em></strong></span> <span class='ocrx_word' id='word_1_43' title='bbox 1759 780 2015 863; x_wconf 79' lang='grc' dir='ltr'><strong><em>Πέρσαι</em></strong></span> <span class='ocrx_word' id='word_1_44' title='bbox 2047 780 2172 843; x_wconf 69' lang='grc' dir='ltr'><strong><em>τῶν</em></strong></span> <span class='ocrx_word' id='word_1_45' title='bbox 2209 778 2417 843; x_wconf 75' lang='grc' dir='ltr'><strong><em>ἵππων</em></strong></span> <span class='ocrx_word' id='word_1_46' title='bbox 2447 779 2758 860; x_wconf 75' lang='grc' dir='ltr'><strong><em>καταβάν-</em></strong></span> 
     </span>
    </p>

    <p class='ocr_par' dir='ltr' id='par_1_3' title="bbox 551 868 2844 2049">
     <span class='ocr_line' id='line_1_6' title="bbox 551 868 2798 963; baseline -0.002 -18"><span class='ocrx_word' id='word_1_47' title='bbox 551 895 705 955; x_wconf 82' lang='grc' dir='ltr'><strong><em>Βτες</em></strong></span> <span class='ocrx_word' id='word_1_48' title='bbox 739 873 850 941; x_wconf 72' lang='grc' dir='ltr'><strong>καὶ</strong></span> <span class='ocrx_word' id='word_1_49' title='bbox 883 874 1293 962; x_wconf 69' lang='grc' dir='ltr'><strong><em>προελθόντες</em></strong></span> <span class='ocrx_word' id='word_1_50' title='bbox 1335 874 1440 941; x_wconf 76' lang='grc' dir='ltr'><strong>ἐπὶ</strong></span> <span class='ocrx_word' id='word_1_51' title='bbox 1464 873 1727 963; x_wconf 75' lang='grc' dir='ltr'><strong><em>μικρὸν,</em></strong></span> <span class='ocrx_word' id='word_1_52' title='bbox 1784 874 1842 939; x_wconf 80' lang='grc' dir='ltr'><strong>οῖ</strong></span> <span class='ocrx_word' id='word_1_53' title='bbox 1882 878 1999 958; x_wconf 80' lang='grc' dir='ltr'><strong><em>μὲν</em></strong></span> <span class='ocrx_word' id='word_1_54' title='bbox 2028 868 2206 940; x_wconf 73' lang='grc' dir='ltr'><strong><em>ἄλλοι</em></strong></span> <span class='ocrx_word' id='word_1_55' title='bbox 2238 872 2461 951; x_wconf 80' lang='grc' dir='ltr'><strong><em>πάντες</em></strong></span> <span class='ocrx_word' id='word_1_56' title='bbox 2499 868 2798 946; x_wconf 76' lang='grc' dir='ltr'><strong><em>ἄπωθεν5</em></strong></span> 
     </span>
     <span class='ocr_line' id='line_1_7' title="bbox 607 971 2760 1061; baseline -0.003 -17"><span class='ocrx_word' id='word_1_57' title='bbox 607 977 717 1045; x_wconf 82' lang='grc' dir='ltr'><strong><em>τὸν</em></strong></span> <span class='ocrx_word' id='word_1_58' title='bbox 768 976 1032 1060; x_wconf 79' lang='grc' dir='ltr'><strong><em>βασιλέα</em></strong></span> <span class='ocrx_word' id='word_1_59' title='bbox 1088 977 1538 1059; x_wconf 76' lang='grc' dir='ltr'><strong><em>προσεκύνουν,</em></strong></span> <span class='ocrx_word' id='word_1_60' title='bbox 1605 972 1715 1051; x_wconf 76' lang='grc' dir='ltr'><strong><em>τὰς</em></strong></span> <span class='ocrx_word' id='word_1_61' title='bbox 1768 971 2046 1061; x_wconf 79' lang='grc' dir='ltr'><strong><em>κεφαλὰς</em></strong></span> <span class='ocrx_word' id='word_1_62' title='bbox 2095 971 2443 1060; x_wconf 74' lang='grc' dir='ltr'><strong><em>ἐρείσαντες</em></strong></span> <span class='ocrx_word' id='word_1_63' title='bbox 2493 972 2601 1037; x_wconf 72' lang='grc' dir='ltr'><strong>ἐπὶ</strong></span> <span class='ocrx_word' id='word_1_64' title='bbox 2643 973 2760 1059; x_wconf 73' lang='grc' dir='ltr'><strong><em>τὴν</em></strong></span> 
     </span>
     <span class='ocr_line' id='line_1_8' title="bbox 605 1065 2763 1161; baseline -0.003 -20"><span class='ocrx_word' id='word_1_65' title='bbox 605 1077 738 1161; x_wconf 78' lang='grc' dir='ltr'><strong><em>γῆν·</em></strong></span> <span class='ocrx_word' id='word_1_66' title='bbox 805 1070 994 1149; x_wconf 82' lang='grc' dir='ltr'><strong><em>αύτὸς</em></strong></span> <span class='ocrx_word' id='word_1_67' title='bbox 1028 1074 1070 1136; x_wconf 86' lang='grc' dir='ltr'><strong><em>δ</em></strong></span> <span class='ocrx_word' id='word_1_68' title='bbox 1079 1078 1098 1102; x_wconf 87' lang='lat'><em>’</em></span> <span class='ocrx_word' id='word_1_69' title='bbox 1140 1065 1294 1159; x_wconf 72' lang='grc' dir='ltr'><strong><em>ἄχρι</em></strong></span> <span class='ocrx_word' id='word_1_70' title='bbox 1326 1074 1633 1154; x_wconf 76' lang='grc' dir='ltr'><strong><em>βασιλέως</em></strong></span> <span class='ocrx_word' id='word_1_71' title='bbox 1664 1070 1871 1137; x_wconf 73' lang='grc' dir='ltr'><strong><em>ἐλθών</em></strong></span> <span class='ocrx_word' id='word_1_72' title='bbox 1910 1073 2085 1158; x_wconf 81' lang='grc' dir='ltr'><strong><em>πεζῇ,</em></strong></span> <span class='ocrx_word' id='word_1_73' title='bbox 2145 1070 2513 1158; x_wconf 78' lang='grc' dir='ltr'><strong><em>προσεκύνει</em></strong></span> <span class='ocrx_word' id='word_1_74' title='bbox 2541 1095 2610 1135; x_wconf 88' lang='grc' dir='ltr'><strong><em>τε</em></strong></span> <span class='ocrx_word' id='word_1_75' title='bbox 2648 1074 2763 1136; x_wconf 75' lang='grc' dir='ltr'><strong><em>καὶ</em></strong></span> 
     </span>
     <span class='ocr_line' id='line_1_9' title="bbox 606 1164 2762 1261; baseline -0.003 -21"><span class='ocrx_word' id='word_1_76' title='bbox 606 1164 916 1261; x_wconf 77' lang='grc' dir='ltr'><strong><em>ἠσπάζετο</em></strong></span> <span class='ocrx_word' id='word_1_77' title='bbox 952 1170 1058 1238; x_wconf 87' lang='grc' dir='ltr'><strong><em>τὸν</em></strong></span> <span class='ocrx_word' id='word_1_78' title='bbox 1087 1172 1395 1255; x_wconf 79' lang='grc' dir='ltr'><strong><em>βασιλέως</em></strong></span> <span class='ocrx_word' id='word_1_79' title='bbox 1426 1170 1586 1236; x_wconf 89' lang='grc' dir='ltr'><strong>πόδα</strong></span> <span class='ocrx_word' id='word_1_80' title='bbox 1605 1222 1627 1254; x_wconf 91' lang='grc'><strong><em>,</em></strong></span> <span class='ocrx_word' id='word_1_81' title='bbox 1680 1169 1892 1236; x_wconf 81' lang='grc' dir='ltr'><strong><em>ἔπειτα</em></strong></span> <span class='ocrx_word' id='word_1_82' title='bbox 1924 1169 2194 1258; x_wconf 76' lang='grc' dir='ltr'><strong><em>ἔφιππος</em></strong></span> <span class='ocrx_word' id='word_1_83' title='bbox 2223 1167 2583 1255; x_wconf 84' lang='grc' dir='ltr'><strong><em>γενόμενος,</em></strong></span> <span class='ocrx_word' id='word_1_84' title='bbox 2636 1171 2762 1253; x_wconf 85' lang='grc' dir='ltr'><strong>μό-</strong></span> 
     </span>
     <span class='ocr_line' id='line_1_10' title="bbox 606 1268 2765 1361; baseline -0.001 -21"><span class='ocrx_word' id='word_1_85' title='bbox 606 1297 708 1350; x_wconf 86' lang='grc' dir='ltr'><strong>νος</strong></span> <span class='ocrx_word' id='word_1_86' title='bbox 749 1269 921 1361; x_wconf 73' lang='grc' dir='ltr'><strong><em>μόνῳ</em></strong></span> <span class='ocrx_word' id='word_1_87' title='bbox 963 1274 1319 1354; x_wconf 79' lang='grc' dir='ltr'><strong><em>συνεγένετο</em></strong></span> <span class='ocrx_word' id='word_1_88' title='bbox 1363 1272 1450 1358; x_wconf 73' lang='grc' dir='ltr'><strong>τῷ</strong></span> <span class='ocrx_word' id='word_1_89' title='bbox 1489 1276 1751 1354; x_wconf 84' lang='grc' dir='ltr'><strong><em>βασιλεῖ’.</em></strong></span> <span class='ocrx_word' id='word_1_90' title='bbox 1819 1268 2015 1335; x_wconf 71' lang='grc' dir='ltr'><strong><em>πολλὰ</em></strong></span> <span class='ocrx_word' id='word_1_91' title='bbox 2059 1272 2131 1334; x_wconf 83' lang='grc' dir='ltr'><strong>δὲ</strong></span> <span class='ocrx_word' id='word_1_92' title='bbox 2182 1268 2338 1356; x_wconf 79' lang='grc' dir='ltr'><strong><em>πρὸς</em></strong></span> <span class='ocrx_word' id='word_1_93' title='bbox 2383 1271 2570 1337; x_wconf 71' lang='grc' dir='ltr'><strong><em>αὐτὸν</em></strong></span> <span class='ocrx_word' id='word_1_94' title='bbox 2610 1274 2765 1359; x_wconf 74' lang='grc' dir='ltr'><strong><em>περὶ</em></strong></span> 
     </span>
     <span class='ocr_line' id='line_1_11' title="bbox 605 1362 2844 1458; baseline 0 -22"><span class='ocrx_word' id='word_1_95' title='bbox 605 1368 850 1458; x_wconf 79' lang='grc' dir='ltr'><strong><em>εἰρήνης</em></strong></span> <span class='ocrx_word' id='word_1_96' title='bbox 887 1371 1328 1454; x_wconf 74' lang='grc' dir='ltr'><strong><em>διαλεχθέντος</em></strong></span> <span class='ocrx_word' id='word_1_97' title='bbox 1368 1373 1673 1453; x_wconf 77' lang='grc' dir='ltr'><strong><em>βασιλέως</em></strong></span> <span class='ocrx_word' id='word_1_98' title='bbox 1725 1372 1835 1434; x_wconf 79' lang='grc' dir='ltr'><em>καί</em></span> <span class='ocrx_word' id='word_1_99' title='bbox 1866 1362 1943 1434; x_wconf 75' lang='grc' dir='ltr'><strong><em>εὖ</em></strong></span> <span class='ocrx_word' id='word_1_100' title='bbox 1977 1368 2259 1454; x_wconf 81' lang='grc' dir='ltr'><strong><em>ποιήσειν</em></strong></span> <span class='ocrx_word' id='word_1_101' title='bbox 2303 1371 2844 1454; x_wconf 80' lang='grc' dir='ltr'><strong><em>ἐπαγγειλαμέ-ιο</em></strong></span> 
     </span>
     <span class='ocr_line' id='line_1_12' title="bbox 605 1467 2763 1556; baseline 0 -20"><span class='ocrx_word' id='word_1_102' title='bbox 605 1494 758 1552; x_wconf 85' lang='grc' dir='ltr'><strong><em>νου,</em></strong></span> <span class='ocrx_word' id='word_1_103' title='bbox 808 1467 1006 1546; x_wconf 66' lang='grc' dir='ltr'><strong><em>αὐτὸς</em></strong></span> <span class='ocrx_word' id='word_1_104' title='bbox 1040 1472 1158 1552; x_wconf 80' lang='grc' dir='ltr'><strong><em>μὲν</em></strong></span> <span class='ocrx_word' id='word_1_105' title='bbox 1204 1471 1294 1547; x_wconf 82' lang='grc' dir='ltr'><strong>εἰς</strong></span> <span class='ocrx_word' id='word_1_106' title='bbox 1332 1467 1405 1533; x_wconf 82' lang='grc' dir='ltr'><strong>τὸ</strong></span> <span class='ocrx_word' id='word_1_107' title='bbox 1445 1474 1668 1535; x_wconf 73' lang='grc' dir='ltr'><strong><em>οἰκεῖον</em></strong></span> <span class='ocrx_word' id='word_1_108' title='bbox 1713 1467 2171 1556; x_wconf 86' lang='grc' dir='ltr'><strong><em>στρατόπεδον,</em></strong></span> <span class='ocrx_word' id='word_1_109' title='bbox 2229 1467 2525 1552; x_wconf 86' lang='grc' dir='ltr'><strong><em>βασιλεύς</em></strong></span> <span class='ocrx_word' id='word_1_110' title='bbox 2570 1471 2638 1533; x_wconf 84' lang='grc' dir='ltr'><strong>δ’</strong></span> <span class='ocrx_word' id='word_1_111' title='bbox 2670 1473 2763 1545; x_wconf 79' lang='grc' dir='ltr'><strong>εἷς</strong></span> 
     </span>
     <span class='ocr_line' id='line_1_13' title="bbox 606 1563 2764 1654; baseline -0 -20"><span class='ocrx_word' id='word_1_112' title='bbox 606 1566 832 1653; x_wconf 81' lang='grc' dir='ltr'><strong><em>Πηγὰς</em></strong></span> <span class='ocrx_word' id='word_1_113' title='bbox 872 1564 988 1654; x_wconf 79' lang='grc' dir='ltr'><strong><em>τήν</em></strong></span> <span class='ocrx_word' id='word_1_114' title='bbox 1035 1566 1216 1633; x_wconf 86' lang='grc' dir='ltr'><strong><em>πόλιν</em></strong></span> <span class='ocrx_word' id='word_1_115' title='bbox 1261 1568 1594 1652; x_wconf 73' lang='grc' dir='ltr'><strong><em>ἐπανῆλθε.</em></strong></span> <span class='ocrx_word' id='word_1_116' title='bbox 1656 1571 1766 1633; x_wconf 77' lang='grc' dir='ltr'><strong><em>καὶ</em></strong></span> <span class='ocrx_word' id='word_1_117' title='bbox 1799 1570 1865 1644; x_wconf 89' lang='grc' dir='ltr'><strong><em>ἐς</em></strong></span> <span class='ocrx_word' id='word_1_118' title='bbox 1901 1565 2015 1653; x_wconf 82' lang='grc' dir='ltr'><strong><em>τὴν</em></strong></span> <span class='ocrx_word' id='word_1_119' title='bbox 2056 1563 2396 1653; x_wconf 70' lang='grc' dir='ltr'><strong><em>ὑστεραίαν</em></strong></span> <span class='ocrx_word' id='word_1_120' title='bbox 2439 1568 2630 1632; x_wconf 77' lang='grc' dir='ltr'><strong><em>πάλιν</em></strong></span> <span class='ocrx_word' id='word_1_121' title='bbox 2657 1570 2764 1633; x_wconf 86' lang='grc' dir='ltr'><strong><em>ἐλ-</em></strong></span> 
     </span>
     <span class='ocr_line' id='line_1_14' title="bbox 605 1662 2764 1753; baseline -0 -22"><span class='ocrx_word' id='word_1_122' title='bbox 605 1665 742 1731; x_wconf 80' lang='grc' dir='ltr'><strong><em>θών</em></strong></span> <span class='ocrx_word' id='word_1_123' title='bbox 783 1664 819 1730; x_wconf 82' lang='grc' dir='ltr'>ὅ</span> <span class='ocrx_word' id='word_1_124' title='bbox 858 1669 1275 1753; x_wconf 81' lang='grc' dir='ltr'><strong><em>Ταμηρχάνης</em></strong></span> <span class='ocrx_word' id='word_1_125' title='bbox 1320 1669 1430 1732; x_wconf 76' lang='grc' dir='ltr'><em>καί</em></span> <span class='ocrx_word' id='word_1_126' title='bbox 1475 1664 1912 1752; x_wconf 76' lang='grc' dir='ltr'><strong><em>προσκυνήσας</em></strong></span> <span class='ocrx_word' id='word_1_127' title='bbox 1947 1666 2210 1749; x_wconf 81' lang='grc' dir='ltr'><strong><em>βασιλέα</em></strong></span> <span class='ocrx_word' id='word_1_128' title='bbox 2252 1662 2360 1729; x_wconf 76' lang='grc' dir='ltr'><strong>καὶ</strong></span> <span class='ocrx_word' id='word_1_129' title='bbox 2393 1667 2764 1751; x_wconf 77' lang='grc' dir='ltr'><strong><em>ἐπαγγειλά-</em></strong></span> 
     </span>
     <span class='ocr_line' id='line_1_15' title="bbox 603 1758 2762 1853; baseline -0.001 -20"><span class='ocrx_word' id='word_1_130' title='bbox 603 1789 791 1849; x_wconf 83' lang='grc' dir='ltr'><strong><em>μενος</em></strong></span> <span class='ocrx_word' id='word_1_131' title='bbox 826 1766 1075 1853; x_wconf 76' lang='grc' dir='ltr'><strong><em>εἰρήνην</em></strong></span> <span class='ocrx_word' id='word_1_132' title='bbox 1119 1758 1291 1844; x_wconf 76' lang='grc' dir='ltr'><strong><em>ιῖξειν</em></strong></span> <span class='ocrx_word' id='word_1_133' title='bbox 1343 1767 1458 1831; x_wconf 78' lang='grc' dir='ltr'><strong>τοῦ</strong></span> <span class='ocrx_word' id='word_1_134' title='bbox 1495 1769 1714 1831; x_wconf 80' lang='grc' dir='ltr'><strong><em>λοιποῦ</em></strong></span> <span class='ocrx_word' id='word_1_135' title='bbox 1763 1765 1873 1831; x_wconf 80' lang='grc' dir='ltr'><strong><em>καί</em></strong></span> <span class='ocrx_word' id='word_1_136' title='bbox 1916 1774 2043 1843; x_wconf 76' lang='grc' dir='ltr'><strong><em>τοῖς</em></strong></span> <span class='ocrx_word' id='word_1_137' title='bbox 2084 1763 2244 1830; x_wconf 76' lang='grc' dir='ltr'><strong><em>κατὰ</em></strong></span> <span class='ocrx_word' id='word_1_138' title='bbox 2290 1763 2404 1851; x_wconf 78' lang='grc' dir='ltr'><strong><em>τήν</em></strong></span> <span class='ocrx_word' id='word_1_139' title='bbox 2454 1769 2539 1831; x_wconf 77' lang='grc' dir='ltr'><strong>ἓω</strong></span> <span class='ocrx_word' id='word_1_140' title='bbox 2590 1765 2762 1831; x_wconf 74' lang='lat' dir='ltr'>‘Pm-</span> 
     </span>
     <span class='ocr_line' id='line_1_16' title="bbox 603 1859 2842 1953; baseline 0.001 -23"><span class='ocrx_word' id='word_1_141' title='bbox 603 1865 817 1949; x_wconf 86' lang='grc' dir='ltr'><strong><em>μαίοις</em></strong></span> <span class='ocrx_word' id='word_1_142' title='bbox 847 1868 1153 1952; x_wconf 76' lang='grc' dir='ltr'><strong><em>μηδέποτε</em></strong></span> <span class='ocrx_word' id='word_1_143' title='bbox 1198 1864 1701 1953; x_wconf 82' lang='grc' dir='ltr'><strong><em>ἐπιστρατεύσειν</em></strong></span> <span class='ocrx_word' id='word_1_144' title='bbox 1711 1916 1733 1948; x_wconf 93' lang='grc'><strong><em>,</em></strong></span> <span class='ocrx_word' id='word_1_145' title='bbox 1789 1863 2017 1951; x_wconf 90' lang='grc' dir='ltr'><strong><em>δώροις</em></strong></span> <span class='ocrx_word' id='word_1_146' title='bbox 2053 1888 2121 1929; x_wconf 87' lang='grc' dir='ltr'><strong><em>τε</em></strong></span> <span class='ocrx_word' id='word_1_147' title='bbox 2169 1859 2608 1948; x_wconf 78' lang='grc' dir='ltr'><strong><em>ἄμειψαμένου</em></strong></span> <span class='ocrx_word' id='word_1_148' title='bbox 2639 1867 2842 1946; x_wconf 73' lang='lat' dir='ltr'><strong>,Ba-15</strong></span> 
     </span>
     <span class='ocr_line' id='line_1_17' title="bbox 606 1959 2764 2049; baseline -0.001 -19"><span class='ocrx_word' id='word_1_149' title='bbox 606 1965 828 2041; x_wconf 80' lang='grc' dir='ltr'><strong><em>σιλέως</em></strong></span> <span class='ocrx_word' id='word_1_150' title='bbox 888 1964 1077 2044; x_wconf 73' lang='grc' dir='ltr'><strong><em>ἀξίως</em></strong></span> <span class='ocrx_word' id='word_1_151' title='bbox 1128 1959 1364 2030; x_wconf 73' lang='grc' dir='ltr'><strong><em>ἑαυτοῦ</em></strong></span> <span class='ocrx_word' id='word_1_152' title='bbox 1374 2015 1394 2046; x_wconf 99' lang='grc'><strong><em>,</em></strong></span> <span class='ocrx_word' id='word_1_153' title='bbox 1465 1962 1498 2030; x_wconf 83' lang='grc' dir='ltr'>ὅ</span> <span class='ocrx_word' id='word_1_154' title='bbox 1559 1969 1679 2046; x_wconf 80' lang='grc' dir='ltr'><strong><em>μὲν</em></strong></span> <span class='ocrx_word' id='word_1_155' title='bbox 1730 1967 2130 2044; x_wconf 79' lang='grc' dir='ltr'><strong><em>ἐπανέζευξεν</em></strong></span> <span class='ocrx_word' id='word_1_156' title='bbox 2187 1966 2275 2041; x_wconf 80' lang='grc' dir='ltr'><strong>εἰς</strong></span> <span class='ocrx_word' id='word_1_157' title='bbox 2333 1961 2446 2049; x_wconf 77' lang='grc' dir='ltr'><strong><em>τήν</em></strong></span> <span class='ocrx_word' id='word_1_158' title='bbox 2507 1963 2764 2046; x_wconf 78' lang='grc' dir='ltr'><strong><em>οἰκείαν,</em></strong></span> 
     </span>
    </p>

    <p class='ocr_par' dir='ltr' id='par_1_4' title="bbox 546 2055 2796 2347">
     <span class='ocr_line' id='line_1_18' title="bbox 546 2055 2766 2152; baseline -0 -27"><span class='ocrx_word' id='word_1_159' title='bbox 546 2069 590 2125; x_wconf 87' lang='lat' dir='ltr'>C</span> <span class='ocrx_word' id='word_1_160' title='bbox 608 2060 763 2152; x_wconf 77' lang='grc' dir='ltr'><strong><em>ἅπερ</em></strong></span> <span class='ocrx_word' id='word_1_161' title='bbox 818 2059 1214 2149; x_wconf 73' lang='grc' dir='ltr'><strong><em>ἐπηγγειλατο</em></strong></span> <span class='ocrx_word' id='word_1_162' title='bbox 1250 2058 1458 2148; x_wconf 75' lang='grc' dir='ltr'><strong><em>ἀληθῆ</em></strong></span> <span class='ocrx_word' id='word_1_163' title='bbox 1504 2062 1613 2128; x_wconf 75' lang='grc' dir='ltr'><strong>ἐπὶ</strong></span> <span class='ocrx_word' id='word_1_164' title='bbox 1669 2066 1794 2128; x_wconf 77' lang='grc' dir='ltr'><strong><em>τών</em></strong></span> <span class='ocrx_word' id='word_1_165' title='bbox 1843 2060 2040 2149; x_wconf 78' lang='grc' dir='ltr'><strong><em>ἔργων</em></strong></span> <span class='ocrx_word' id='word_1_166' title='bbox 2085 2055 2472 2137; x_wconf 70' lang='grc' dir='ltr'><strong><em>ἀποδεικνύς·</em></strong></span> <span class='ocrx_word' id='word_1_167' title='bbox 2553 2056 2766 2126; x_wconf 81' lang='grc' dir='ltr'><strong><em>ούκέτι</em></strong></span> 
     </span>
     <span class='ocr_line' id='line_1_19' title="bbox 596 2158 2796 2249; baseline -0.002 -21"><span class='ocrx_word' id='word_1_168' title='bbox 596 2159 723 2249; x_wconf 75' lang='grc' dir='ltr'><strong><em>γὰρ</em></strong></span> <span class='ocrx_word' id='word_1_169' title='bbox 783 2163 968 2228; x_wconf 77' lang='grc' dir='ltr'><strong><em>ούδὲν</em></strong></span> <span class='ocrx_word' id='word_1_170' title='bbox 1028 2160 1283 2248; x_wconf 74' lang='grc' dir='ltr'><strong><em>ἠδίκησε</em></strong></span> <span class='ocrx_word' id='word_1_171' title='bbox 1333 2162 1715 2242; x_wconf 83' lang='grc' dir='ltr'><strong><em>Ῥωμαίους·</em></strong></span> <span class='ocrx_word' id='word_1_172' title='bbox 1791 2158 2088 2245; x_wconf 75' lang='grc' dir='ltr'><strong><em>βασιλεὺς</em></strong></span> <span class='ocrx_word' id='word_1_173' title='bbox 2146 2163 2216 2226; x_wconf 82' lang='grc' dir='ltr'><strong>δὲ</strong></span> <span class='ocrx_word' id='word_1_174' title='bbox 2266 2162 2355 2237; x_wconf 78' lang='grc' dir='ltr'><strong>εἰς</strong></span> <span class='ocrx_word' id='word_1_175' title='bbox 2403 2160 2796 2238; x_wconf 81' lang='grc' dir='ltr'><strong><em>Βυζάντιον’</em></strong></span> 
     </span>
     <span class='ocr_line' id='line_1_20' title="bbox 602 2255 2761 2347; baseline -0.002 -19"><span class='ocrx_word' id='word_1_176' title='bbox 602 2260 923 2346; x_wconf 73' lang='grc' dir='ltr'><strong><em>ἐπανῆκεν.</em></strong></span> <span class='ocrx_word' id='word_1_177' title='bbox 971 2256 1130 2325; x_wconf 74' lang='grc' dir='ltr'><strong><em>ἔνθα</em></strong></span> <span class='ocrx_word' id='word_1_178' title='bbox 1176 2258 1560 2347; x_wconf 72' lang='grc' dir='ltr'><strong><em>διατρίβοντι</em></strong></span> <span class='ocrx_word' id='word_1_179' title='bbox 1594 2259 1636 2324; x_wconf 82' lang='lat' dir='ltr'><strong>o‘</strong></span> <span class='ocrx_word' id='word_1_180' title='bbox 1673 2263 1800 2326; x_wconf 75' lang='grc' dir='ltr'><strong><em>τῶν</em></strong></span> <span class='ocrx_word' id='word_1_181' title='bbox 1845 2263 2098 2326; x_wconf 76' lang='grc' dir='ltr'><strong><em>Μυσῶν</em></strong></span> <span class='ocrx_word' id='word_1_182' title='bbox 2135 2256 2432 2342; x_wconf 80' lang='grc' dir='ltr'><strong><em>βασιλεύς</em></strong></span> <span class='ocrx_word' id='word_1_183' title='bbox 2483 2255 2761 2343; x_wconf 77' lang='grc' dir='ltr'><strong><em>Μιχαῆλ</em></strong></span> 
     </span>
    </p>

    <p class='ocr_par' dir='ltr' id='par_1_5' title="bbox 411 2351 2844 2841">
     <span class='ocr_line' id='line_1_21' title="bbox 411 2351 2844 2446; baseline 0.002 -24"><span class='ocrx_word' id='word_1_184' title='bbox 411 2367 469 2422; x_wconf 74' lang='lat' dir='ltr'><strong>V·</strong></span> <span class='ocrx_word' id='word_1_185' title='bbox 492 2359 986 2443; x_wconf 81' lang='grc' dir='ltr'><strong><em>ι69μεμήνυκεν,</em></strong></span> <span class='ocrx_word' id='word_1_186' title='bbox 1039 2360 1101 2423; x_wconf 71' lang='grc' dir='ltr'><strong><em>εἰ</em></strong></span> <span class='ocrx_word' id='word_1_187' title='bbox 1134 2355 1401 2441; x_wconf 76' lang='grc' dir='ltr'><strong><em>ἀρεστὸν</em></strong></span> <span class='ocrx_word' id='word_1_188' title='bbox 1443 2356 1615 2446; x_wconf 74' lang='grc' dir='ltr'><strong><em>αύτῷ</em></strong></span> <span class='ocrx_word' id='word_1_189' title='bbox 1659 2356 1787 2443; x_wconf 78' lang='grc' dir='ltr'><strong><em>εἴη,</em></strong></span> <span class='ocrx_word' id='word_1_190' title='bbox 1828 2362 2151 2423; x_wconf 74' lang='grc' dir='ltr'><strong><em>συνελθεῖν</em></strong></span> <span class='ocrx_word' id='word_1_191' title='bbox 2178 2381 2246 2422; x_wconf 86' lang='grc' dir='ltr'><strong><em>τε</em></strong></span> <span class='ocrx_word' id='word_1_192' title='bbox 2286 2351 2460 2444; x_wconf 78' lang='grc' dir='ltr'><strong><em>αύτῷ</em></strong></span> <span class='ocrx_word' id='word_1_193' title='bbox 2490 2360 2601 2422; x_wconf 80' lang='grc' dir='ltr'>καί</span> <span class='ocrx_word' id='word_1_194' title='bbox 2644 2354 2844 2431; x_wconf 62' lang='lat' dir='ltr'><strong>nimo</strong></span> 
     </span>
     <span class='ocr_line' id='line_1_22' title="bbox 603 2451 2765 2545; baseline -0.002 -20"><span class='ocrx_word' id='word_1_195' title='bbox 603 2454 878 2533; x_wconf 67' lang='grc' dir='ltr'><strong><em>σπονδάς</em></strong></span> <span class='ocrx_word' id='word_1_196' title='bbox 915 2452 1397 2523; x_wconf 73' lang='grc' dir='ltr'><strong><em>ἀνανεώσασθαι</em></strong></span> <span class='ocrx_word' id='word_1_197' title='bbox 1430 2454 1541 2521; x_wconf 72' lang='grc' dir='ltr'><strong>καὶ</strong></span> <span class='ocrx_word' id='word_1_198' title='bbox 1564 2453 1674 2542; x_wconf 80' lang='grc' dir='ltr'><strong><em>τήν</em></strong></span> <span class='ocrx_word' id='word_1_199' title='bbox 1717 2456 1985 2545; x_wconf 79' lang='grc' dir='ltr'><strong><em>εἰρήνην.</em></strong></span> <span class='ocrx_word' id='word_1_200' title='bbox 2040 2454 2153 2542; x_wconf 74' lang='grc' dir='ltr'><strong><em>τήν</em></strong></span> <span class='ocrx_word' id='word_1_201' title='bbox 2191 2453 2310 2543; x_wconf 78' lang='grc' dir='ltr'><strong><em>γὰρ</em></strong></span> <span class='ocrx_word' id='word_1_202' title='bbox 2356 2451 2658 2542; x_wconf 83' lang='grc' dir='ltr'><strong><em>πρότερον</em></strong></span> <span class='ocrx_word' id='word_1_203' title='bbox 2691 2459 2765 2522; x_wconf 89' lang='grc' dir='ltr'><strong><em>ἐν</em></strong></span> 
     </span>
     <span class='ocr_line' id='line_1_23' title="bbox 592 2553 2761 2643; baseline -0.004 -18"><span class='ocrx_word' id='word_1_204' title='bbox 592 2553 1116 2643; x_wconf 81' lang='grc' dir='ltr'><strong><em>Ἀδριανουπόλει</em></strong></span> <span class='ocrx_word' id='word_1_205' title='bbox 1166 2557 1498 2641; x_wconf 71' lang='grc' dir='ltr'><strong><em>γενομένην</em></strong></span> <span class='ocrx_word' id='word_1_206' title='bbox 1550 2555 1928 2638; x_wconf 74' lang='grc' dir='ltr'><strong><em>συντυχίαν,</em></strong></span> <span class='ocrx_word' id='word_1_207' title='bbox 2013 2559 2125 2622; x_wconf 80' lang='grc' dir='ltr'><strong>τοῦ</strong></span> <span class='ocrx_word' id='word_1_208' title='bbox 2191 2559 2414 2641; x_wconf 81' lang='grc' dir='ltr'><strong><em>καιροῦ</em></strong></span> <span class='ocrx_word' id='word_1_209' title='bbox 2460 2558 2565 2631; x_wconf 71' lang='grc' dir='ltr'><strong><em>καί</em></strong></span> <span class='ocrx_word' id='word_1_210' title='bbox 2625 2557 2761 2618; x_wconf 72' lang='grc' dir='ltr'><strong><em>τῶν</em></strong></span> 
     </span>
     <span class='ocr_line' id='line_1_24' title="bbox 600 2649 2758 2741; baseline -0.003 -19"><span class='ocrx_word' id='word_1_211' title='bbox 600 2656 982 2741; x_wconf 77' lang='grc' dir='ltr'><strong><em>πραγμάτων</em></strong></span> <span class='ocrx_word' id='word_1_212' title='bbox 1033 2656 1147 2720; x_wconf 77' lang='grc' dir='ltr'><strong>οὐκ</strong></span> <span class='ocrx_word' id='word_1_213' title='bbox 1197 2651 1438 2721; x_wconf 79' lang='grc' dir='ltr'><strong><em>ἐώντων</em></strong></span> <span class='ocrx_word' id='word_1_214' title='bbox 1489 2652 1598 2719; x_wconf 76' lang='grc' dir='ltr'><strong>διὰ</strong></span> <span class='ocrx_word' id='word_1_215' title='bbox 1641 2652 1745 2720; x_wconf 83' lang='grc' dir='ltr'><strong><em>τὸν</em></strong></span> <span class='ocrx_word' id='word_1_216' title='bbox 1803 2651 2236 2738; x_wconf 80' lang='grc' dir='ltr'><strong><em>συμβεβηκότα</em></strong></span> <span class='ocrx_word' id='word_1_217' title='bbox 2277 2649 2415 2718; x_wconf 76' lang='grc' dir='ltr'><strong><em>τότε</em></strong></span> <span class='ocrx_word' id='word_1_218' title='bbox 2462 2652 2758 2736; x_wconf 82' lang='grc' dir='ltr'><strong><em>πόλεμον,</em></strong></span> 
     </span>
     <span class='ocr_line' id='line_1_25' title="bbox 601 2752 2757 2841; baseline -0.002 -21"><span class='ocrx_word' id='word_1_219' title='bbox 601 2756 700 2820; x_wconf 78' lang='grc' dir='ltr'><strong>ἐπ’</strong></span> <span class='ocrx_word' id='word_1_220' title='bbox 744 2753 946 2839; x_wconf 80' lang='grc' dir='ltr'><strong><em>ὀλίγον</em></strong></span> <span class='ocrx_word' id='word_1_221' title='bbox 985 2775 1055 2818; x_wconf 84' lang='grc' dir='ltr'><strong><em>τε</em></strong></span> <span class='ocrx_word' id='word_1_222' title='bbox 1105 2757 1483 2841; x_wconf 82' lang='grc' dir='ltr'><strong><em>γεγενῆσθαι</em></strong></span> <span class='ocrx_word' id='word_1_223' title='bbox 1535 2753 1645 2820; x_wconf 77' lang='grc' dir='ltr'><strong><em>καί</em></strong></span> <span class='ocrx_word' id='word_1_224' title='bbox 1693 2755 2173 2841; x_wconf 77' lang='grc' dir='ltr'><strong><em>τεταραγμένως.</em></strong></span> <span class='ocrx_word' id='word_1_225' title='bbox 2256 2753 2368 2817; x_wconf 70' lang='grc' dir='ltr'><strong><em>καὶ</em></strong></span> <span class='ocrx_word' id='word_1_226' title='bbox 2409 2753 2550 2826; x_wconf 71' lang='grc' dir='ltr'><strong><em>ἐπεὶ</em></strong></span> <span class='ocrx_word' id='word_1_227' title='bbox 2592 2752 2757 2816; x_wconf 77' lang='grc' dir='ltr'><strong><em>κατὰ</em></strong></span> 
     </span>
    </p>
   </div>
   <div class='ocr_carea' id='block_1_3' title="bbox 742 2898 1423 2981">
    <p class='ocr_par' dir='ltr' id='par_1_6' title="bbox 742 2898 1423 2981">
     <span class='ocr_line' id='line_1_26' title="bbox 742 2898 1423 2981; baseline 0 -18"><span class='ocrx_word' id='word_1_228' title='bbox 742 2926 829 2968; x_wconf 76' lang='lat' dir='ltr'><strong>ao.</strong></span> <span class='ocrx_word' id='word_1_229' title='bbox 862 2909 960 2962; x_wconf 75' lang='grc' dir='ltr'><strong><em>καὶ</em></strong></span> <span class='ocrx_word' id='word_1_230' title='bbox 993 2906 1185 2981; x_wconf 82' lang='lat' dir='ltr'><strong>scripsi</strong></span> <span class='ocrx_word' id='word_1_231' title='bbox 1219 2925 1320 2980; x_wconf 87' lang='lat' dir='ltr'><strong>pro</strong></span> <span class='ocrx_word' id='word_1_232' title='bbox 1339 2898 1423 2963; x_wconf 75' lang='grc' dir='ltr'><strong>τὸ.</strong></span> 
     </span>
    </p>
   </div>
   <div class='ocr_carea' id='block_1_4' title="bbox 596 3042 2756 4312">
    <p class='ocr_par' dir='ltr' id='par_1_7' title="bbox 596 3042 2756 4312">
     <span class='ocr_line' id='line_1_27' title="bbox 603 3042 2756 3128; baseline -0.001 -29"><span class='ocrx_word' id='word_1_233' title='bbox 603 3059 672 3100; x_wconf 83' lang='lat' dir='ltr'><strong>ex</strong></span> <span class='ocrx_word' id='word_1_234' title='bbox 706 3047 979 3101; x_wconf 80' lang='lat' dir='ltr'><strong>sententia</strong></span> <span class='ocrx_word' id='word_1_235' title='bbox 1028 3047 1300 3105; x_wconf 82' lang='lat' dir='ltr'><strong>suecessit.</strong></span> <span class='ocrx_word' id='word_1_236' title='bbox 1381 3044 1424 3098; x_wconf 87' lang='grc' dir='ltr'>Ε</span> <span class='ocrx_word' id='word_1_237' title='bbox 1458 3045 1649 3113; x_wconf 78' lang='lat' dir='ltr'><strong>Cyzico</strong></span> <span class='ocrx_word' id='word_1_238' title='bbox 1690 3044 1836 3098; x_wconf 89' lang='lat' dir='ltr'><strong>enim</strong></span> <span class='ocrx_word' id='word_1_239' title='bbox 1871 3045 2033 3113; x_wconf 77' lang='lat' dir='ltr'><strong>Pegas</strong></span> <span class='ocrx_word' id='word_1_240' title='bbox 2067 3043 2134 3098; x_wconf 77' lang='lat' dir='ltr'><strong>acl</strong></span> <span class='ocrx_word' id='word_1_241' title='bbox 2169 3042 2584 3114; x_wconf 68' lang='lat' dir='ltr'><strong>Hellespontum</strong></span> <span class='ocrx_word' id='word_1_242' title='bbox 2626 3058 2756 3128; x_wconf 87' lang='lat' dir='ltr'><strong>pro-</strong></span> 
     </span>
     <span class='ocr_line' id='line_1_28' title="bbox 599 3112 2756 3185; baseline -0 -18"><span class='ocrx_word' id='word_1_243' title='bbox 599 3116 808 3181; x_wconf 80' lang='lat' dir='ltr'><strong>fectus,</strong></span> <span class='ocrx_word' id='word_1_244' title='bbox 862 3134 985 3169; x_wconf 89' lang='lat' dir='ltr'><strong>eum</strong></span> <span class='ocrx_word' id='word_1_245' title='bbox 1018 3119 1310 3170; x_wconf 68' lang='lat' dir='ltr'><strong>accersivit.</strong></span> <span class='ocrx_word' id='word_1_246' title='bbox 1379 3115 1494 3185; x_wconf 86' lang='lat' dir='ltr'><strong>Qui</strong></span> <span class='ocrx_word' id='word_1_247' title='bbox 1528 3117 1773 3168; x_wconf 83' lang='lat' dir='ltr'><strong>celeriter</strong></span> <span class='ocrx_word' id='word_1_248' title='bbox 1801 3132 2081 3185; x_wconf 84' lang='lat' dir='ltr'><strong>praesens,</strong></span> <span class='ocrx_word' id='word_1_249' title='bbox 2137 3131 2324 3181; x_wconf 75' lang='lat' dir='ltr'><strong>magna</strong></span> <span class='ocrx_word' id='word_1_250' title='bbox 2374 3112 2756 3166; x_wconf 73' lang='lat' dir='ltr'><strong>moderatione</strong></span> 
     </span>
     <span class='ocr_line' id='line_1_29' title="bbox 601 3183 2755 3257; baseline -0.001 -20"><span class='ocrx_word' id='word_1_251' title='bbox 601 3193 661 3238; x_wconf 90' lang='lat' dir='ltr'><strong>et</strong></span> <span class='ocrx_word' id='word_1_252' title='bbox 695 3185 1094 3256; x_wconf 81' lang='lat' dir='ltr'><strong>quodammodo</strong></span> <span class='ocrx_word' id='word_1_253' title='bbox 1146 3187 1483 3241; x_wconf 85' lang='lat' dir='ltr'><strong>subiectione</strong></span> <span class='ocrx_word' id='word_1_254' title='bbox 1533 3203 1651 3238; x_wconf 89' lang='lat' dir='ltr'><strong>cum</strong></span> <span class='ocrx_word' id='word_1_255' title='bbox 1702 3188 2020 3257; x_wconf 79' lang='lat' dir='ltr'><strong>imperatore</strong></span> <span class='ocrx_word' id='word_1_256' title='bbox 2069 3200 2381 3254; x_wconf 83' lang='lat' dir='ltr'><strong>congressus</strong></span> <span class='ocrx_word' id='word_1_257' title='bbox 2431 3190 2530 3235; x_wconf 83' lang='lat' dir='ltr'><strong>est.</strong></span> <span class='ocrx_word' id='word_1_258' title='bbox 2617 3183 2755 3236; x_wconf 80' lang='lat' dir='ltr'><strong>Nam</strong></span> 
     </span>
     <span class='ocr_line' id='line_1_30' title="bbox 601 3250 2756 3326; baseline -0.001 -19"><span class='ocrx_word' id='word_1_259' title='bbox 601 3269 723 3305; x_wconf 84' lang='lat' dir='ltr'><strong>cum</strong></span> <span class='ocrx_word' id='word_1_260' title='bbox 760 3258 981 3323; x_wconf 88' lang='lat' dir='ltr'><strong>propius</strong></span> <span class='ocrx_word' id='word_1_261' title='bbox 1017 3258 1256 3321; x_wconf 82' lang='lat' dir='ltr'><strong>abesset,</strong></span> <span class='ocrx_word' id='word_1_262' title='bbox 1319 3266 1382 3310; x_wconf 89' lang='lat' dir='ltr'><strong>ut</strong></span> <span class='ocrx_word' id='word_1_263' title='bbox 1415 3257 1522 3307; x_wconf 86' lang='lat' dir='ltr'><strong>iam</strong></span> <span class='ocrx_word' id='word_1_264' title='bbox 1561 3259 1734 3326; x_wconf 88' lang='lat' dir='ltr'><strong>ipsum</strong></span> <span class='ocrx_word' id='word_1_265' title='bbox 1767 3255 1949 3308; x_wconf 77' lang='lat' dir='ltr'><strong>videre</strong></span> <span class='ocrx_word' id='word_1_266' title='bbox 1995 3263 2051 3307; x_wconf 90' lang='lat' dir='ltr'><strong>et</strong></span> <span class='ocrx_word' id='word_1_267' title='bbox 2084 3255 2155 3306; x_wconf 78' lang='lat' dir='ltr'><strong>ab</strong></span> <span class='ocrx_word' id='word_1_268' title='bbox 2193 3258 2311 3323; x_wconf 86' lang='lat' dir='ltr'><strong>ipso</strong></span> <span class='ocrx_word' id='word_1_269' title='bbox 2346 3250 2521 3305; x_wconf 77' lang='lat' dir='ltr'><strong>videri</strong></span> <span class='ocrx_word' id='word_1_270' title='bbox 2553 3261 2756 3321; x_wconf 83' lang='lat' dir='ltr'><strong>posset,</strong></span> 
     </span>
     <span class='ocr_line' id='line_1_31' title="bbox 600 3324 2755 3399; baseline -0 -25"><span class='ocrx_word' id='word_1_271' title='bbox 600 3338 722 3374; x_wconf 87' lang='lat' dir='ltr'><strong>cum</strong></span> <span class='ocrx_word' id='word_1_272' title='bbox 755 3325 930 3378; x_wconf 85' lang='lat' dir='ltr'><strong>Persis</strong></span> <span class='ocrx_word' id='word_1_273' title='bbox 957 3329 1069 3378; x_wconf 84' lang='lat' dir='ltr'><strong>suis</strong></span> <span class='ocrx_word' id='word_1_274' title='bbox 1111 3328 1179 3379; x_wconf 84' lang='lat' dir='ltr'><strong>ab</strong></span> <span class='ocrx_word' id='word_1_275' title='bbox 1206 3328 1358 3399; x_wconf 89' lang='lat' dir='ltr'><strong>equis</strong></span> <span class='ocrx_word' id='word_1_276' title='bbox 1393 3326 1704 3379; x_wconf 83' lang='lat' dir='ltr'><strong>descendit:</strong></span> <span class='ocrx_word' id='word_1_277' title='bbox 1742 3327 2069 3397; x_wconf 80' lang='lat' dir='ltr'><strong>paulumque</strong></span> <span class='ocrx_word' id='word_1_278' title='bbox 2104 3325 2385 3393; x_wconf 75' lang='lat' dir='ltr'><strong>progressi,</strong></span> <span class='ocrx_word' id='word_1_279' title='bbox 2422 3325 2589 3375; x_wconf 88' lang='lat' dir='ltr'><strong>ceteri</strong></span> <span class='ocrx_word' id='word_1_280' title='bbox 2626 3324 2755 3392; x_wconf 85' lang='lat' dir='ltr'><strong>qui-</strong></span> 
     </span>
     <span class='ocr_line' id='line_1_32' title="bbox 604 3391 2752 3468; baseline -0.001 -23"><span class='ocrx_word' id='word_1_281' title='bbox 604 3391 728 3445; x_wconf 79' lang='lat' dir='ltr'><strong>dem</strong></span> <span class='ocrx_word' id='word_1_282' title='bbox 769 3410 953 3447; x_wconf 86' lang='lat' dir='ltr'><strong>omnes</strong></span> <span class='ocrx_word' id='word_1_283' title='bbox 990 3397 1381 3465; x_wconf 82' lang='lat' dir='ltr'><strong>imperatorem,</strong></span> <span class='ocrx_word' id='word_1_284' title='bbox 1416 3404 1703 3468; x_wconf 79' lang='lat' dir='ltr'><strong>antequam</strong></span> <span class='ocrx_word' id='word_1_285' title='bbox 1737 3414 1804 3466; x_wconf 81' lang='lat' dir='ltr'><strong>ap</strong></span> <span class='ocrx_word' id='word_1_286' title='bbox 1846 3398 2248 3467; x_wconf 84' lang='lat' dir='ltr'><strong>ropinquarent‚</strong></span> <span class='ocrx_word' id='word_1_287' title='bbox 2288 3392 2562 3462; x_wconf 75' lang='lat' dir='ltr'><strong>capitibus</strong></span> <span class='ocrx_word' id='word_1_288' title='bbox 2598 3391 2752 3444; x_wconf 85' lang='lat' dir='ltr'><strong>humi</strong></span> 
     </span>
     <span class='ocr_line' id='line_1_33' title="bbox 604 3462 2755 3537; baseline 0 -23"><span class='ocrx_word' id='word_1_289' title='bbox 604 3463 887 3516; x_wconf 81' lang='lat' dir='ltr'><strong>submissis</strong></span> <span class='ocrx_word' id='word_1_290' title='bbox 931 3465 1258 3533; x_wconf 82' lang='lat' dir='ltr'><strong>adorabant3</strong></span> <span class='ocrx_word' id='word_1_291' title='bbox 1316 3470 1431 3537; x_wconf 89' lang='lat' dir='ltr'><strong>ipse</strong></span> <span class='ocrx_word' id='word_1_292' title='bbox 1467 3467 1534 3519; x_wconf 88' lang='lat' dir='ltr'><strong>ad</strong></span> <span class='ocrx_word' id='word_1_293' title='bbox 1568 3485 1690 3519; x_wconf 91' lang='lat' dir='ltr'><strong>eum</strong></span> <span class='ocrx_word' id='word_1_294' title='bbox 1725 3485 1794 3537; x_wconf 88' lang='lat' dir='ltr'><strong>pe</strong></span> <span class='ocrx_word' id='word_1_295' title='bbox 1836 3466 1955 3518; x_wconf 87' lang='lat' dir='ltr'><strong>ibus</strong></span> <span class='ocrx_word' id='word_1_296' title='bbox 1990 3465 2246 3517; x_wconf 80' lang='lat' dir='ltr'><strong>accedens</strong></span> <span class='ocrx_word' id='word_1_297' title='bbox 2302 3472 2359 3515; x_wconf 92' lang='lat' dir='ltr'><strong>et</strong></span> <span class='ocrx_word' id='word_1_298' title='bbox 2393 3462 2654 3515; x_wconf 74' lang='lat' dir='ltr'><strong>adorabat</strong></span> <span class='ocrx_word' id='word_1_299' title='bbox 2694 3469 2755 3515; x_wconf 86' lang='lat' dir='ltr'><strong>et</strong></span> 
     </span>
     <span class='ocr_line' id='line_1_34' title="bbox 600 3532 2751 3607; baseline -0 -22"><span class='ocrx_word' id='word_1_300' title='bbox 600 3533 800 3602; x_wconf 84' lang='lat' dir='ltr'><strong>pedem</strong></span> <span class='ocrx_word' id='word_1_301' title='bbox 847 3533 997 3586; x_wconf 88' lang='lat' dir='ltr'><strong>illius</strong></span> <span class='ocrx_word' id='word_1_302' title='bbox 1044 3537 1399 3591; x_wconf 77' lang='lat' dir='ltr'><strong>osculabatur.</strong></span> <span class='ocrx_word' id='word_1_303' title='bbox 1477 3538 1690 3590; x_wconf 84' lang='lat' dir='ltr'><strong>Deinde</strong></span> <span class='ocrx_word' id='word_1_304' title='bbox 1745 3555 1885 3607; x_wconf 90' lang='lat' dir='ltr'><strong>equo</strong></span> <span class='ocrx_word' id='word_1_305' title='bbox 1922 3551 2241 3598; x_wconf 78' lang='lat' dir='ltr'><strong>conscensu,</strong></span> <span class='ocrx_word' id='word_1_306' title='bbox 2290 3533 2436 3585; x_wconf 89' lang='lat' dir='ltr'><strong>solus</strong></span> <span class='ocrx_word' id='word_1_307' title='bbox 2471 3550 2595 3585; x_wconf 87' lang='lat' dir='ltr'><strong>cum</strong></span> <span class='ocrx_word' id='word_1_308' title='bbox 2629 3532 2751 3584; x_wconf 85' lang='lat' dir='ltr'><strong>solo</strong></span> 
     </span>
     <span class='ocr_line' id='line_1_35' title="bbox 597 3602 2749 3676; baseline 0 -22"><span class='ocrx_word' id='word_1_309' title='bbox 597 3602 765 3655; x_wconf 73' lang='lat' dir='ltr'><strong>verba</strong></span> <span class='ocrx_word' id='word_1_310' title='bbox 798 3605 1034 3662; x_wconf 81' lang='lat' dir='ltr'><strong>miscuit.</strong></span> <span class='ocrx_word' id='word_1_311' title='bbox 1123 3608 1421 3676; x_wconf 81' lang='lat' dir='ltr'><strong>Imperator</strong></span> <span class='ocrx_word' id='word_1_312' title='bbox 1467 3606 1565 3660; x_wconf 88' lang='lat' dir='ltr'><strong>ubi</strong></span> <span class='ocrx_word' id='word_1_313' title='bbox 1613 3608 1796 3659; x_wconf 85' lang='lat' dir='ltr'><strong>multis</strong></span> <span class='ocrx_word' id='word_1_314' title='bbox 1851 3624 1966 3659; x_wconf 89' lang='lat' dir='ltr'><strong>cum</strong></span> <span class='ocrx_word' id='word_1_315' title='bbox 2006 3623 2069 3658; x_wconf 89' lang='lat' dir='ltr'><strong>eo</strong></span> <span class='ocrx_word' id='word_1_316' title='bbox 2120 3603 2189 3656; x_wconf 85' lang='lat' dir='ltr'><strong>de</strong></span> <span class='ocrx_word' id='word_1_317' title='bbox 2223 3605 2355 3674; x_wconf 52' lang='lat' dir='ltr'><strong>pice</strong></span> <span class='ocrx_word' id='word_1_318' title='bbox 2389 3604 2502 3672; x_wconf 83' lang='lat' dir='ltr'><strong>egit</strong></span> <span class='ocrx_word' id='word_1_319' title='bbox 2536 3611 2595 3655; x_wconf 86' lang='lat' dir='ltr'><strong>et</strong></span> <span class='ocrx_word' id='word_1_320' title='bbox 2627 3620 2749 3671; x_wconf 70' lang='lat' dir='ltr'><strong>gra-</strong></span> 
     </span>
     <span class='ocr_line' id='line_1_36' title="bbox 597 3672 2750 3746; baseline 0 -22"><span class='ocrx_word' id='word_1_321' title='bbox 597 3672 732 3725; x_wconf 79' lang='lat' dir='ltr'><strong>tiam</strong></span> <span class='ocrx_word' id='word_1_322' title='bbox 767 3674 1055 3726; x_wconf 81' lang='lat' dir='ltr'><strong>relaturum</strong></span> <span class='ocrx_word' id='word_1_323' title='bbox 1090 3678 1365 3745; x_wconf 86' lang='lat' dir='ltr'><strong>promisit,</strong></span> <span class='ocrx_word' id='word_1_324' title='bbox 1401 3677 1592 3746; x_wconf 84' lang='lat' dir='ltr'><strong>Pegas,</strong></span> <span class='ocrx_word' id='word_1_325' title='bbox 1625 3678 1722 3730; x_wconf 89' lang='lat' dir='ltr'><strong>ille</strong></span> <span class='ocrx_word' id='word_1_326' title='bbox 1770 3679 1827 3728; x_wconf 89' lang='lat' dir='ltr'><strong>in</strong></span> <span class='ocrx_word' id='word_1_327' title='bbox 1866 3686 2032 3730; x_wconf 81' lang='lat' dir='ltr'><strong>castra</strong></span> <span class='ocrx_word' id='word_1_328' title='bbox 2083 3692 2180 3726; x_wconf 83' lang='lat' dir='ltr'><strong>sua</strong></span> <span class='ocrx_word' id='word_1_329' title='bbox 2227 3673 2406 3727; x_wconf 77' lang='lat' dir='ltr'><strong>rediit.</strong></span> <span class='ocrx_word' id='word_1_330' title='bbox 2478 3672 2750 3725; x_wconf 78' lang='lat' dir='ltr'><strong>Postridie</strong></span> 
     </span>
     <span class='ocr_line' id='line_1_37' title="bbox 598 3742 2749 3817; baseline 0 -24"><span class='ocrx_word' id='word_1_331' title='bbox 598 3751 891 3808; x_wconf 82' lang='lat' dir='ltr'><strong>revertens,</strong></span> <span class='ocrx_word' id='word_1_332' title='bbox 929 3745 1161 3797; x_wconf 83' lang='lat' dir='ltr'><strong>salutato</strong></span> <span class='ocrx_word' id='word_1_333' title='bbox 1197 3747 1539 3814; x_wconf 81' lang='lat' dir='ltr'><strong>imperatore,</strong></span> <span class='ocrx_word' id='word_1_334' title='bbox 1571 3765 1753 3817; x_wconf 79' lang='lat' dir='ltr'><strong>pacem</strong></span> <span class='ocrx_word' id='word_1_335' title='bbox 1785 3750 1848 3798; x_wconf 71' lang='lat' dir='ltr'><strong>‚in</strong></span> <span class='ocrx_word' id='word_1_336' title='bbox 1870 3754 2139 3817; x_wconf 82' lang='lat' dir='ltr'><strong>posterum</strong></span> <span class='ocrx_word' id='word_1_337' title='bbox 2179 3752 2234 3797; x_wconf 91' lang='lat' dir='ltr'><strong>et</strong></span> <span class='ocrx_word' id='word_1_338' title='bbox 2255 3742 2506 3795; x_wconf 85' lang='lat' dir='ltr'><strong>Romanis</strong></span> <span class='ocrx_word' id='word_1_339' title='bbox 2536 3744 2598 3794; x_wconf 84' lang='lat' dir='ltr'><strong>in</strong></span> <span class='ocrx_word' id='word_1_340' title='bbox 2636 3745 2749 3795; x_wconf 89' lang='lat' dir='ltr'><strong>ori-</strong></span> 
     </span>
     <span class='ocr_line' id='line_1_38' title="bbox 598 3812 2748 3889; baseline 0 -26"><span class='ocrx_word' id='word_1_341' title='bbox 598 3820 726 3864; x_wconf 84' lang='lat' dir='ltr'><strong>ente</strong></span> <span class='ocrx_word' id='word_1_342' title='bbox 758 3832 868 3867; x_wconf 91' lang='lat' dir='ltr'><strong>non</strong></span> <span class='ocrx_word' id='word_1_343' title='bbox 905 3816 1132 3884; x_wconf 84' lang='lat' dir='ltr'><strong>amplius</strong></span> <span class='ocrx_word' id='word_1_344' title='bbox 1164 3816 1447 3868; x_wconf 87' lang='lat' dir='ltr'><strong>molestum</strong></span> <span class='ocrx_word' id='word_1_345' title='bbox 1482 3819 1720 3871; x_wconf 80' lang='lat' dir='ltr'><strong>futurum</strong></span> <span class='ocrx_word' id='word_1_346' title='bbox 1754 3818 2035 3889; x_wconf 86' lang='lat' dir='ltr'><strong>promisit:</strong></span> <span class='ocrx_word' id='word_1_347' title='bbox 2096 3813 2360 3885; x_wconf 85' lang='lat' dir='ltr'><strong>donisque</strong></span> <span class='ocrx_word' id='word_1_348' title='bbox 2409 3812 2478 3864; x_wconf 79' lang='lat' dir='ltr'><strong>ab</strong></span> <span class='ocrx_word' id='word_1_349' title='bbox 2526 3829 2596 3864; x_wconf 90' lang='lat' dir='ltr'><strong>eo</strong></span> <span class='ocrx_word' id='word_1_350' title='bbox 2649 3829 2748 3882; x_wconf 88' lang='lat' dir='ltr'><strong>pro</strong></span> 
     </span>
     <span class='ocr_line' id='line_1_39' title="bbox 599 3880 2746 3958; baseline 0.001 -26"><span class='ocrx_word' id='word_1_351' title='bbox 599 3880 863 3950; x_wconf 78' lang='lat' dir='ltr'><strong>dignitate</strong></span> <span class='ocrx_word' id='word_1_352' title='bbox 901 3885 1111 3949; x_wconf 89' lang='lat' dir='ltr'><strong>cultus,</strong></span> <span class='ocrx_word' id='word_1_353' title='bbox 1158 3885 1225 3937; x_wconf 85' lang='lat' dir='ltr'><strong>ad</strong></span> <span class='ocrx_word' id='word_1_354' title='bbox 1263 3904 1385 3939; x_wconf 86' lang='lat' dir='ltr'><strong>suos</strong></span> <span class='ocrx_word' id='word_1_355' title='bbox 1421 3904 1478 3939; x_wconf 88' lang='lat' dir='ltr'><strong>se</strong></span> <span class='ocrx_word' id='word_1_356' title='bbox 1513 3890 1750 3958; x_wconf 82' lang='lat' dir='ltr'><strong>recepit3</strong></span> <span class='ocrx_word' id='word_1_357' title='bbox 1811 3897 1866 3940; x_wconf 90' lang='lat' dir='ltr'><strong>et</strong></span> <span class='ocrx_word' id='word_1_358' title='bbox 1899 3889 2157 3957; x_wconf 84' lang='lat' dir='ltr'><strong>promissa</strong></span> <span class='ocrx_word' id='word_1_359' title='bbox 2190 3885 2257 3937; x_wconf 83' lang='lat' dir='ltr'><strong>ad</strong></span> <span class='ocrx_word' id='word_1_360' title='bbox 2295 3888 2406 3936; x_wconf 69' lang='lat' dir='ltr'><strong>reni</strong></span> <span class='ocrx_word' id='word_1_361' title='bbox 2441 3883 2746 3944; x_wconf 81' lang='lat' dir='ltr'><strong>conferens,</strong></span> 
     </span>
     <span class='ocr_line' id='line_1_40' title="bbox 597 3954 2746 4026; baseline 0.001 -25"><span class='ocrx_word' id='word_1_362' title='bbox 597 3966 876 4024; x_wconf 75' lang='lat' dir='ltr'><strong>nunquam</strong></span> <span class='ocrx_word' id='word_1_363' title='bbox 929 3955 1129 4009; x_wconf 86' lang='lat' dir='ltr'><strong>deinde</strong></span> <span class='ocrx_word' id='word_1_364' title='bbox 1181 3958 1429 4009; x_wconf 83' lang='lat' dir='ltr'><strong>Romanis</strong></span> <span class='ocrx_word' id='word_1_365' title='bbox 1477 3961 1679 4010; x_wconf 83' lang='lat' dir='ltr'><strong>nocuit.</strong></span> <span class='ocrx_word' id='word_1_366' title='bbox 1769 3959 2061 4026; x_wconf 76' lang='lat' dir='ltr'><strong>Imperator</strong></span> <span class='ocrx_word' id='word_1_367' title='bbox 2104 3957 2416 4023; x_wconf 87' lang='lat' dir='ltr'><strong>Byzantium</strong></span> <span class='ocrx_word' id='word_1_368' title='bbox 2467 3954 2746 4006; x_wconf 81' lang='lat' dir='ltr'><strong>remeavit.</strong></span> 
     </span>
     <span class='ocr_line' id='line_1_41' title="bbox 596 4019 2743 4098; baseline 0.001 -27"><span class='ocrx_word' id='word_1_369' title='bbox 596 4019 684 4072; x_wconf 88' lang='lat' dir='ltr'><strong>Ibi</strong></span> <span class='ocrx_word' id='word_1_370' title='bbox 722 4040 841 4076; x_wconf 90' lang='lat' dir='ltr'><strong>cum</strong></span> <span class='ocrx_word' id='word_1_371' title='bbox 878 4035 1049 4090; x_wconf 85' lang='lat' dir='ltr'><strong>esset,</strong></span> <span class='ocrx_word' id='word_1_372' title='bbox 1093 4026 1328 4080; x_wconf 85' lang='lat' dir='ltr'><strong>Michael</strong></span> <span class='ocrx_word' id='word_1_373' title='bbox 1363 4027 1668 4081; x_wconf 81' lang='lat' dir='ltr'><strong>Moesorum</strong></span> <span class='ocrx_word' id='word_1_374' title='bbox 1711 4045 1804 4081; x_wconf 85' lang='lat' dir='ltr'><strong>rex</strong></span> <span class='ocrx_word' id='word_1_375' title='bbox 1844 4028 1897 4080; x_wconf 89' lang='lat' dir='ltr'><strong>ei</strong></span> <span class='ocrx_word' id='word_1_376' title='bbox 1930 4027 2208 4098; x_wconf 80' lang='lat' dir='ltr'><strong>significat,</strong></span> <span class='ocrx_word' id='word_1_377' title='bbox 2245 4028 2290 4077; x_wconf 89' lang='lat' dir='ltr'><strong>si</strong></span> <span class='ocrx_word' id='word_1_378' title='bbox 2325 4026 2593 4094; x_wconf 79' lang='lat' dir='ltr'><strong>placeret,</strong></span> <span class='ocrx_word' id='word_1_379' title='bbox 2647 4040 2743 4074; x_wconf 88' lang='lat' dir='ltr'><strong>cu-</strong></span> 
     </span>
     <span class='ocr_line' id='line_1_42' title="bbox 596 4094 2743 4162; baseline 0 -19"><span class='ocrx_word' id='word_1_380' title='bbox 596 4107 728 4162; x_wconf 84' lang='lat' dir='ltr'><strong>pere</strong></span> <span class='ocrx_word' id='word_1_381' title='bbox 760 4110 819 4147; x_wconf 87' lang='lat' dir='ltr'><strong>se</strong></span> <span class='ocrx_word' id='word_1_382' title='bbox 847 4096 1001 4148; x_wconf 87' lang='lat' dir='ltr'><strong>illum</strong></span> <span class='ocrx_word' id='word_1_383' title='bbox 1035 4098 1320 4151; x_wconf 86' lang='lat' dir='ltr'><strong>convenire</strong></span> <span class='ocrx_word' id='word_1_384' title='bbox 1356 4106 1412 4150; x_wconf 90' lang='lat' dir='ltr'><strong>et</strong></span> <span class='ocrx_word' id='word_1_385' title='bbox 1444 4099 1635 4153; x_wconf 80' lang='lat' dir='ltr'><strong>foedus</strong></span> <span class='ocrx_word' id='word_1_386' title='bbox 1670 4101 1980 4152; x_wconf 77' lang='lat' dir='ltr'><strong>instaurare.</strong></span> <span class='ocrx_word' id='word_1_387' title='bbox 2037 4096 2268 4152; x_wconf 82' lang='lat' dir='ltr'><strong>Adriano</strong></span> <span class='ocrx_word' id='word_1_388' title='bbox 2345 4096 2386 4146; x_wconf 91' lang='lat' dir='ltr'><strong>li</strong></span> <span class='ocrx_word' id='word_1_389' title='bbox 2420 4094 2568 4146; x_wconf 86' lang='lat' dir='ltr'><strong>enim</strong></span> <span class='ocrx_word' id='word_1_390' title='bbox 2601 4101 2743 4144; x_wconf 85' lang='lat' dir='ltr'><strong>tem-</strong></span> 
     </span>
     <span class='ocr_line' id='line_1_43' title="bbox 596 4161 2742 4239; baseline -0 -25"><span class='ocrx_word' id='word_1_391' title='bbox 596 4161 822 4231; x_wconf 85' lang='lat' dir='ltr'><strong>poribus</strong></span> <span class='ocrx_word' id='word_1_392' title='bbox 856 4183 969 4218; x_wconf 88' lang='lat' dir='ltr'><strong>non</strong></span> <span class='ocrx_word' id='word_1_393' title='bbox 1001 4168 1322 4232; x_wconf 80' lang='lat' dir='ltr'><strong>sinentibus,</strong></span> <span class='ocrx_word' id='word_1_394' title='bbox 1360 4167 1606 4239; x_wconf 84' lang='lat' dir='ltr'><strong>(propter</strong></span> <span class='ocrx_word' id='word_1_395' title='bbox 1636 4170 1897 4223; x_wconf 85' lang='lat' dir='ltr'><strong>tumultus</strong></span> <span class='ocrx_word' id='word_1_396' title='bbox 1934 4167 2190 4220; x_wconf 86' lang='lat' dir='ltr'><strong>videlicet</strong></span> <span class='ocrx_word' id='word_1_397' title='bbox 2223 4165 2313 4220; x_wconf 84' lang='lat' dir='ltr'><strong>hel</strong></span> <span class='ocrx_word' id='word_1_398' title='bbox 2338 4164 2491 4231; x_wconf 85' lang='lat' dir='ltr'><strong>&#39;cos,)</strong></span> <span class='ocrx_word' id='word_1_399' title='bbox 2521 4164 2742 4216; x_wconf 80' lang='lat' dir='ltr'><strong>brevem</strong></span> 
     </span>
     <span class='ocr_line' id='line_1_44' title="bbox 598 4232 2740 4312; baseline 0.001 -27"><span class='ocrx_word' id='word_1_400' title='bbox 598 4239 657 4285; x_wconf 85' lang='lat' dir='ltr'><strong>et</strong></span> <span class='ocrx_word' id='word_1_401' title='bbox 685 4235 1058 4312; x_wconf 79' lang='lat' dir='ltr'><strong>perturbatum</strong></span> <span class='ocrx_word' id='word_1_402' title='bbox 1097 4238 1262 4294; x_wconf 82' lang='lat' dir='ltr'><strong>fuisse</strong></span> <span class='ocrx_word' id='word_1_403' title='bbox 1301 4255 1652 4311; x_wconf 78' lang='lat' dir='ltr'><strong>congressum.</strong></span> <span class='ocrx_word' id='word_1_404' title='bbox 1724 4238 1859 4298; x_wconf 84' lang='lat' dir='ltr'><strong>Cum</strong></span> <span class='ocrx_word' id='word_1_405' title='bbox 1892 4239 2182 4311; x_wconf 83' lang='lat' dir='ltr'><strong>placuisset</strong></span> <span class='ocrx_word' id='word_1_406' title='bbox 2228 4235 2576 4309; x_wconf 82' lang='lat' dir='ltr'><strong>imperatori,</strong></span> <span class='ocrx_word' id='word_1_407' title='bbox 2637 4232 2740 4287; x_wconf 86' lang='lat' dir='ltr'><strong>So-</strong></span> 
     </span>
    </p>
   </div>
  </div>
 </body>
</html>
