2982 4913
603 712 1209 806 En1'r10N1s
1294 709 1905 790 PAmsmAE
1972 651 2658 795 PR‘AEFATIO.

1121 1144 2146 1242 LECTORI

1344 1363 1931 1428 GANDIDO.

555 1670 899 1787 Secundus
941 1731 1001 1782 et
1050 1718 1540 1805 quadragesimus
1580 1739 1775 1780 annus
1811 1719 1912 1781 hic
1952 1721 2151 1802 agitur
2169 1762 2192 1799 ‚
2253 1726 2569 1801 postquam
2611 1718 2711 1780 la—

556 1823 754 1903 cobus·
793 1822 1104 1883 Pontanus
1140 1820 1450 1882 Societatis
1491 1819 1628 1879 Iesu
1659 1819 1947 1880 Ioannem
1971 1818 2452 1880 Cantacuzenum
2489 1818 2713 1880 Orien-

552 1926 634 1984 tis
674 1923 1108 2003 Imperatorem
1150 1940 1185 1980 e
1214 1918 1460 2001 palliato
1501 1928 1773 1999 togatum
1812 1918 1992 1980 fecit:
2036 1918 2114 1980 de
2151 1920 2408 1998 Graece,
2439 1920 2714 2000 inquam,

552 2023 621 2083 in
651 2022 938 2081 Latinum
967 2018 1268 2102 eleganter
1303 2018 1637 2079 convertit:
1695 2028 1988 2102 togaeque
2029 2021 2158 2080 eius
2187 2031 2361 2081 notas
2399 2018 2714 2101 pererudi-

555 2130 652 2182 tas
686 2117 875 2180 veluti
906 2140 1242 2202 purpuram
1276 2119 1532 2179 intexuit
1551 2162 1570 2199 ,
1611 2139 1692 2181 ne
1728 2118 1953 2181 scilicet
1989 2130 2188 2181 terrae
2215 2121 2501 2182 Graeciae
2542 2121 2716 2202 prin·-

555 2239 697 2299 ceps
740 2219 804 2278 in
850 2218 1160 2300 publicum
1206 2219 1333 2279 sine
1377 2239 1650 2301 purpura
1685 2219 1981 2301 prodiret.
2087 2220 2298 2301 Itaque
2335 2218 2512 2303 longe
2554 2220 2715 2301 opti-

556 2338 728 2379 mum
772 2317 1128 2379 historicum
1189 2328 1251 2380 et
1304 2319 1610 2380 veteribus
1658 2339 1863 2381 rerum
1923 2320 2314 2401 scriptoribus
2359 2322 2488 2381 sine
2525 2318 2715 2380 dubio

557 2417 1033 2502 comparandum
1055 2464 1075 2501 ,
1150 2438 1272 2502 qua
1316 2417 1477 2482 docti
1495 2463 1515 2500 ,
1584 2440 1707 2503 qua
1759 2419 1985 2482 indocti
2042 2420 2320 2482 manibus
2375 2418 2719 2483 versabant.

560 2517 644 2578 Hi
690 2529 939 2601 propter
994 2539 1201 2580 rerum
1248 2530 1552 2601 gestarum
1600 2522 1952 2582 memoriam
2004 2531 2311 2581 auctorem
2361 2518 2715 2598 laudabant,

559 2628 621 2678 et
663 2617 1040 2701 probabant=
1098 2617 1186 2679 illi
1235 2639 1442 2680 rerum
1483 2618 1828 2682 divinarum
1867 2630 2047 2702 atque
2075 2619 2476 2680 humanarum
2522 2619 2717 2682 scien-

556 2719 706 2800 tiam
746 2720 811 2779 in
864 2719 1137 2801 principe
1185 2718 1624 2801 suspiciebant:
1696 2718 1933 2782 civilem
1975 2722 2243 2781 animum
2261 2763 2279 2798 ,
2333 2717 2718 2801 prudentiam

559 2814 725 2876 domi
784 2816 1151 2900 militiaeque
1170 2862 1188 2899 ‚
1255 2803 1681 2881 'sonitudinem
1741 2820 1806 2883 in
1864 2818 2043 2882 rebus
2099 2818 2414 2882 hostilibus
2433 2840 2452 2879 ε
2532 2818 2720 2878 animi

557 2916 1034 2999 magnitudinem
1074 2918 1137 2977 in
1177 2916 1547 3000 perferendis
1588 2920 1822 2980 iniuriis
1851 2964 1870 2999 ‚
1943 2940 2093 3002 quas
2138 2917 2465 2979 intulerant
2505 2915 2720 2977 mode—

557 3016 708 3076 stiae
761 3017 946 3077 nescii
1027 3026 1088 3078 et
1136 3016 1389 3099 pudoris
1445 3019 1638 3100 ignari
1697 3017 1970 3079 homines
1991 3062 2011 3096 ‚
2083 3037 2354 3100 quosque
2404 3039 2476 3078 ex
2521 3036 2720 3099 paene

556 3116 748 3176 servis
785 3113 1009 3200 liberos
1047 3113 1271 3178 fecerat
1292 3160 1312 3197 ,
1371 3127 1433 3178 et
1463 3137 1534 3177 ex
1569 3116 1788 3178 infimis
1821 3116 2136 3178 hominum
2160 3159 2179 3196 ,
2236 3136 2524 3180 summos.
2587 3115 2718 3175 De-

557 3211 744 3293 nique
779 3212 844 3271 in
885 3214 1251 3294 imperatore
1300 3213 1676 3278 clementiam
1718 3236 1860 3298 erga
1895 3214 2096 3277 hostes
2116 3259 2135 3296 ,
2205 3213 2417 3298 dignos
2448 3213 2719 3308 profecto

558 3308 932 3389 quibostilia
963 3321 1315 3392 paterentur
1328 3358 1348 3392 ‚
1389 3311 1776 3397 funditusque
1804 3312 2197 3396 tollerentur-3
2258 3326 2562 3397 postremo
2601 3312 2718 3373 ab-

560 3406 923 3470 dicationem
964 3399 1242 3492 imperii,
1296 3411 1857 3497 despectionemque
1891 3435 2161 3475 summae
2198 3417 2286 3475 rei
2335 3413 2718 3475 demiraban-

557 3515 662 3567 tur
687 3551 707 3585 ‚
764 3508 938 3569 cuius
972 3529 1155 3571 causa
1187 3509 1464 3596 plerique
1504 3515 1643 3576 iura
1672 3513 1880 3575 divina
1926 3514 2310 3598 humanaque
2346 3512 2577 3575 violant
2592 3559 2611 3593 ,
2654 3524 2718 3576 et

558 3624 858 3666 secessum
895 3607 962 3667 in
994 3612 1424 3673 monasterium
1443 3656 1462 3691 ‚
1519 3633 1643 3695 quo
1684 3610 1983 3674 solitarius
2024 3625 2449 3697 separatusque
2489 3634 2559 3673 ex
2598 3613 2715 3674 ho-

557 3704 793 3766 minum
837 3705 1174 3789 frequentia
1214 3712 1521 3793 puriorem
1558 3721 1620 3773 et
1656 3714 2015 3774 sanctiorem
2046 3714 2238 3774 vitam
2270 3713 2520 3774 viveret.
2602 3710 2713 3789 Hi,

557 3802 806 3884 inquam
828 3848 848 3883 ,
890 3804 957 3866 id
985 3817 1075 3867 est
1099 3853 1118 3888 ‚
1160 3810 1425 3872 Graecae
1454 3808 1694 3893 linguae
1721 3812 1945 3891 nescii,
1994 3833 2120 3873 non
2163 3809 2338 3872 aliter
2379 3829 2562 3892 quam
2593 3808 2715 3868 La-

556 3901 682 3960 tine
718 3900 1063 3985 loquentem
1084 3907 1309 3970 vellent
1330 3932 1349 3969 =
1391 3907 1481 3969 illi
1502 3953 1522 3988 ,
1573 3909 1640 3970 id
1670 3921 1782 3990 est,
1825 3909 2105 3972 callentes
2133 3911 2446 3991 utriusque
2476 3907 2718 3991 linguae

557 3997 785 4062 diutius
826 4000 982 4065 serre
1028 4027 1151 4068 non
1195 4020 1472 4091 poterant
1495 4055 1513 4088 ,
1571 4021 1641 4071 ut
1689 4012 1953 4072 Graccus
1995 4021 2204 4073 auctor
2254 4007 2428 4069 aliter
2448 4051 2465 4086 ‚
2531 4027 2712 4090 quam

557 4099 786 4162 Graece
834 4099 1200 4187 loqueretur.
1296 4108 1476 4188 Quod
1520 4130 1660 4171 cum
1700 4109 2055 4193 intelligeret
2115 4108 2555 4172 illustrissimus
2601 4107 2715 4168 vir
