2982 4913
471 326 525 385 1.
584 318 940 387 PONTANI
996 316 1508 425 ExPLANATlo
1566 319 2107 387 DIGNITATUM.
2229 326 2415 392 XXXI

244 483 395 559 tant,
444 478 677 542 babere
711 478 1107 563 pedisequum
1151 498 1343 539 unum
1361 521 1382 555 ,
1425 479 1533 561 qui
1561 490 1789 541 vestem
1818 478 2165 543 huiusmodi
2269 496 2415 567 rtat,

236 566 448 626 ceteris
476 562 1042 646 superiniiciendam
1060 563 1456 636 vestimentis,
1488 563 1539 622 si
1565 565 1702 623 ae‘re
1721 574 1952 625 mutato
1973 563 2128 625 forte
2153 504 2348 648 pffiat.

394 646 630 726 Μέγας
665 644 1058 725 δομέστικος,
1099 647 1372 725 Magnus
1400 643 1798 708 domesticus.
1841 647 2030 708 Varia
2059 649 2186 710 eius
2219 649 2417 715 officia

228 729 394 814 apud
421 729 864 811 Cumpalatam
914 728 1056 789 vide
1094 731 1286 790 variis
1318 726 1486 789 locis.
1569 728 1810 790 Nomen
1839 730 2150 792 domestici
2180 733 2261 794 ad
2286 733 2416 817 plu-

228 835 324 875 res
352 814 677 897 dignitates
717 811 1058 894 pertinebat
1078 857 1097 890 ,
1140 832 1297 894 quae
1323 810 1608 872 adiuncto
1647 812 2143 875 discernebantur
2163 859 2181 895 ‚
2223 828 2294 877 ut
2322 839 2415 879 co·

226 918 510 980 gnosces,
540 919 575 959 e
604 896 828 978 quibus
848 897 1051 978 magni
1081 895 1395 958 domestici
1421 897 1817 979 praecipuum
1853 899 2112 959 extitisse
2129 940 2149 979 ‚
2190 920 2414 965 nomen

225 984 427 1065 ipsum
456 1000 719 1061 magnus
750 979 1062 1062 significat.

390 1056 948 1146 Πρωτοστράτωρ,
980 1062 1448 1127 Protostrator.
1534 1059 1808 1123 Absente
1834 1085 2056 1147 magno
2085 1064 2413 1132 domestico

223 1146 343 1209 fert
370 1145 759 1230 imperatoris
800 1144 1100 1228 spatham.
1187 1146 1346 1205 Cum
1386 1148 1593 1227 itaque
1636 1147 1966 1227 imperator
2007 1161 2098 1211 est
2138 1172 2414 1213 conscen.

219 1251 403 1293 surus
432 1250 686 1314 equum,
727 1231 947 1290 comite
977 1250 1276 1312 equorum
1304 1230 1686 1311 imperatoris
1714 1228 2050 1293 adducente
2077 1244 2139 1294 et
2171 1244 2414 1297 tenente

218 1335 449 1397 equum
475 1359 495 1394 ,
538 1320 858 1395 postquam
897 1312 1168 1374 ascendit
1206 1314 1561 1394 imperator,
1606 1322 2008 1393 protostrator
2032 1316 2412 1399 prehendens

219 1396 397 1458 steno
424 1395 671 1457 deducit
698 1416 923 1477 equum
945 1395 1024 1456 ad
1050 1406 1332 1479 quartam
1374 1405 1480 1456 aut
1508 1396 1784 1476 quintam
1989 1420 2024 1461 e
2048 1410 2284 1482 partem
2314 1422 2413 1463 au.

216 1478 318 1542 lae
337 1478 575 1562 palatii.
659 1478 896 1540 Deinde
924 1480 1219 1562 recipiens
1249 1500 1390 1540 eum
1414 1499 1674 1561 magnus
1708 1479 1923 1542 chartu
1949 1484 2137 1561 ariuS,
2168 1484 2414 1548 deducit

213 1563 402 1626 freno
448 1562 528 1623 ad
566 1573 806 1645 portam
834 1581 1029 1644 usque
1058 1561 1255 1621 aulae.
1342 1561 1632 1623 Similiter
1651 1564 1834 1623 etiam
1865 1563 2030 1645 facit,
2062 1588 2202 1627 cum
2228 1570 2411 1651 impe-

216 1657 402 1708 rator
440 1644 691 1730 pedibus
733 1646 934 1704 iturus
963 1653 1078 1722 est,
1123 1663 1306 1727 agens
1334 1643 1617 1704 videlieet
1643 1664 1680 1703 a
1704 1658 1883 1727 porta
1912 1668 2135 1731 equum
2161 1650 2240 1711 ad
2269 1674 2410 1714 eum

212 1749 421 1813 nsque
468 1727 669 1790 locum
689 1773 710 1809 ,
754 1747 938 1810 quem
982 1736 1124 1787 ante
1171 1726 1454 1787 diximus:
1500 1747 1571 1786 ex
1612 1746 1733 1807 quo
1777 1730 2000 1803 iterum
2028 1735 2242 1814 recipit
2268 1754 2411 1796 eum

208 1823 625 1898 protostrator
642 1857 663 1891 ,
706 1832 891 1893 agens
936 1808 1015 1870 ad
1042 1829 1183 1870 eum
1209 1829 1404 1892 usque
1430 1807 1659 1889 locum,
1700 1809 1810 1870 ubi
1855 1812 2185 1895 imperator
2226 1818 2412 1900 pedes

213 1918 351 1958 esse
375 1895 553 1959 solet.
638 1893 824 1972 Quod
874 1895 926 1954 si
953 1891 1108 1954 forte
1177 1901 1635 1954 rotostratorem
1675 1892 1883 1954 abesse
1909 1899 2249 1980 contigerit,
2292 1899 2411 1963 hoc

210 1980 365 2042 facit
406 2002 445 2043 a
534 1976 789 2060 rincipio
834 1996 1031 2059 usque
1072 1997 1109 2037 a
1192 1977 1376 2037 finem
1419 1996 1674 2057 magnus
1700 1976 2128 2041 chartissarius.
2211 1980 2410 2045 Paulo

360 2085 380 2103 ·
521 2070 882 2125 retostrator
925 2062 1108 2120 etiam
1146 2069 1238 2121 est
1265 2059 1545 2120 defensor
1582 2080 1923 2121 cursorum.
1958 2063 2249 2125 Cursores
2289 2063 2409 2128 hoe
2455 2079 2459 2082 ⁴

214 2074 528 2209 meunt
548 2191 568 2224 ‚
609 2147 976 2228 quicumque
1017 2140 1171 2203 nulli
1220 2144 1444 2225 agmini
1499 2153 1606 2203 aut
1644 2145 1815 2225 signo
1843 2142 2091 2207 militari
2120 2146 2408 2233 adscripti

216 2241 385 2309 sunt,
414 2229 524 2292 sed
546 2231 663 2311 ipsi
689 2237 884 2288 castra
899 2237 1350 2309 prosequuntur
1374 2225 1566 2305 ultre,
1595 2246 1694 2287 exs
1739 2238 2000 2290 ectantes
2027 2230 2175 2291 dum
2204 2252 2408 2295 accen·

216 2315 271 2374 si
308 2313 483 2375 fiant.
552 2313 664 2373 His
691 2313 854 2371 enim
880 2330 1077 2392 neque
1104 2309 1381 2371 ordinem
1405 2312 1641 2370 retinen
1670 2312 1682 2324 ‘
1728 2331 1826 2389 us,
1871 2332 2068 2394 neque
2093 2311 2405 2377 flammeo·-

214 2394 347 2458 lum
374 2398 639 2480 (signum
667 2392 922 2454 militm-e
943 2404 1055 2472 est,
1086 2392 1302 2453 Latina
1328 2395 1584 2476 origine,
1625 2413 1661 2452 a
1690 2391 1892 2455 colore
1931 2395 2177 2481 dictum)
2200 2419 2404 2481 suum,

217 2481 322 2542 sed
350 2481 694 2541 inordinate
723 2475 1170 2561 quodammodo
1200 2476 1505 2537 dissolutis
1525 2522 1544 2556 ,
1590 2488 1988 2558 protostrator
2040 2483 2170 2564 ipse
2194 2482 2405 2544 subse-

214 2585 433 2647 quens,
462 2562 731 2624 defendit
755 2564 942 2643 ipsos,
970 2563 1020 2622 si
1049 2560 1203 2622 forte
1229 2559 1392 2621 bello
1419 2561 1861 2642 opprimantur.
1891 2563 2222 2647 Propterea
2242 2568 2406 2627 enim

213 2657 614 2729 protostrator
656 2648 837 2706 etiam
877 2641 1236 2726 appellatur,
1293 2643 1459 2726 quod
1482 2644 1595 2704 toti
1625 2645 1737 2725 ipsi
1768 2645 2034 2729 στρατῷ,
2079 2647 2143 2707 id
2185 2658 2275 2708 est
2301 2670 2406 2710 ex-

214 2732 429 2792 ercitui
471 2737 712 2813 praeeat
753 2737 813 2787 et
855 2731 1139 2788 consistat
1165 2729 1420 2809 primus.
1507 2725 1567 2787 A
1597 2727 1940 2789 cursoribus
1967 2740 2170 2791 autem
2195 2751 2405 2796 omnes

214 2834 311 2875 rm
350 2816 553 2875 varias
575 2858 594 2892 ,
639 2831 796 2895 quae
838 2809 1031 2871 futilia
1074 2812 1464 2870 nominantur
1483 2854 1503 2887 ,
1546 2812 1730 2870 moris
1779 2820 1870 2870 est
1954 2824 2405 2876 rotostratorem

217 2899 513 2980 accipere.
596 2894 862 2955 Nomine
888 2887 1221 2975 φυτιλίων,
1265 2892 1554 2969 sutilium,
1574 2894 1685 2972 (est
1712 2894 1876 2952 enim
1956 2898 2192 2955 atinum
2219 2900 2432 2959 voca-'

214 2975 481 3061 bulum,)
508 2977 918 3062 significantur
941 2995 1357 3058 quaecumque
1382 2996 1502 3053 res,
1533 2994 1688 3056 quae
1714 2995 1824 3055 per
1849 2995 1913 3035 se
1932 2976 2110 3037 nihili
2131 2990 2273 3039 sunt
2300 2990 2407 3040 aut

217 3062 371 3124 nibil
415 3063 498 3124 ad
537 3083 669 3122 rem
713 3059 1033 3121 militarem
1058 3060 1309 3135 faciunt,
1354 3057 1616 3139 denique
1641 3055 2071 3138 impedimenta
2099 3058 2242 3120 belli
2272 3082 2405 3122 cer-

216 3147 474 3226 tissima,
502 3146 620 3206 nisi
650 3152 1019 3206 avertantur.
1062 3142 1223 3203 Nam
1250 3141 1399 3202 haec
1424 3161 1698 3202 cursores
1723 3139 2098 3203 commodius
2124 3164 2404 3227 compor-

216 3237 346 3291 tant
374 3251 562 3313 quam
586 3226 829 3304 milites,
861 3227 1003 3309 quia
1031 3247 1154 3288 non
1185 3226 1435 3286 haerent
1461 3226 1668 3307 signis:
1700 3232 1759 3284 et
1779 3222 2064 3285 audacius
2084 3226 2402 3312 colligunt,

219 3316 361 3393 quia
390 3336 458 3376 se
483 3311 714 3395 legibus
741 3331 867 3371 non
892 3312 1083 3370 teneri
1121 3318 1358 3391 putant.
1405 3306 1817 3388 Quamobrem
1843 3313 2259 3389 protostratoxi
2288 3334 2403 3395 po-

220 3404 398 3458 testas
423 3396 567 3458 data
590 3406 680 3456 est
706 3393 898 3454 futilia
926 3396 1044 3453 ista
1068 3391 1396 3454 auferendi.

380 3479 615 3560 Μέγας
637 3472 1106 3553 κοντοσταῧλος,
1230 3478 1247 3490 “
1284 3473 1516 3535 Gallice
1546 3474 1952 3549 conestable,
1996 3474 2202 3537 Italice
2233 3476 2404 3540 Con-

223 3563 537 3634 testabile,
581 3562 795 3621 Latine
824 3557 1043 3621 Comes
1072 3498 1329 3622 εεὲῠῖἱί.
1398 3556 1531 3619 Ubi
1560 3561 1610 3618 si
1632 3557 1936 3619 stabulum
1960 3580 2074 3642 pro
2102 3559 2285 3643 equili
2312 3582 2403 3622 ac-

222 3646 431 3727 cipias,
474 3645 588 3705 erit
616 3643 833 3704 Comes
862 3639 1108 3720 stabuli,
1136 3640 1236 3703 vel
1280 3642 1387 3725 qui
1438 3652 1674 3724 praeest
1701 3642 1984 3703 omnibus
2011 3645 2202 3725 copiis
2230 3663 2404 3726 eque-

220 3727 465 3789 stribus:
493 3726 594 3790 vel
620 3729 727 3809 qui
751 3737 988 3810 praeest
1015 3727 1302 3807 equitatui
1330 3727 1707 3807 imperatoris
1734 3724 1953 3786 aulico.
1986 3723 2174 3808 Apud
2191 3746 2401 3787 recen-

220 3812 401 3872 tiores
431 3811 692 3873 Graecos
722 3821 811 3871 est
838 3809 960 3871 dux
992 3811 1301 3890 copiarum
1328 3807 1730 3887 auxiliarium,
1761 3829 1916 3890 quae
1945 3828 2017 3869 ex
2051 3807 2271 3889 Gallia,
2316 3809 2402 3871 Si·

221 3893 382 3974 cilia,
409 3893 607 3971 Italia,
650 3893 915 3955 iacturae
942 3890 1235 3975 stipendia
1262 3894 1556 3952 orientem
1582 3889 1889 3974 petebant.
2103 3891 2107 3896 ’

386 3975 617 4055 Μέγας
644 3974 1003 4056 λογοθέτης,
1033 3976 1305 4055 Magnus
1332 3974 1706 4056 Logotheta.
1758 3973 2201 4037 cancellarium
2230 3975 2403 4037 Lati-

221 4060 315 4121 uis
342 4062 547 4119 vooeri
580 4057 939 4139 λογοθέτην,
968 4061 1054 4118 ait
1082 4058 1138 4118 N
1142 4061 1323 4119 icetas
1348 4055 1458 4118 lib.
1539 4101 1557 4118 .
1641 4060 1869 4120 Munus
1907 4061 2111 4141 magni
2137 4059 2199 4120 lo
2239 4060 2401 4119 othe-

222 4150 317 4202 tae
342 4141 440 4203 his
464 4142 667 4203 verbis
694 4141 1055 4225 Curopalata
1079 4140 1388 4202 describit.
1471 4079 1554 4201 1Ξί
1664 4144 1756 4202 nit
1793 4141 2074 4203 mandata
2119 4152 2180 4203 et
2247 4141 2401 4202 ullas

226 4242 457 4310 aureas,
499 4246 657 4310 quae
682 4225 762 4287 ab
788 4227 1148 4309 imperatore
1174 4226 1497 4288 mittuntur
1521 4245 1560 4288 a
1627 4244 1819 4310 reges,
1861 4223 2142 4289 Sultanos
2185 4235 2247 4287 et
2282 4226 2398 4288 To-
