2982 4913
958 271 1521 342 ffls‘romAaUM
1581 282 1659 343 11.
1705 286 1807 350 30.
2292 258 2460 379 487·
2540 334 2547 343 .
2626 228 2633 237 ’

302 425 557 509 ἰδιώτης
587 424 916 504 Ῥωμαῖον
954 425 1256 516 ἀδικήσῃ,
1298 423 1423 494 άπὸ
1463 433 1590 496 τῶν
1622 431 1975 517 προσόντων
2015 434 2194 525 αὕτῷ
2232 432 2593 524 armavi-AS.
2621 447 2754 517 1334

300 547 428 588 των
479 515 527 607 ἦ
586 520 968 608 πραγμάτων
1007 523 1123 608 τὴν
1174 528 1401 612 ζημίαν
1439 529 1901 613 ἀπολαμβάνειν
1939 532 2051 600 τὸν
2089 523 2463 618 ’ἷΡωμαῖοη

297 614 378 686 ἂν
417 624 489 686 δὲ
529 625 643 687 καί
677 624 756 708 τῇ
792 626 1083 712 βασιλείᾳ
1122 623 1462 707 Ῥωμαίων
1498 627 1614 712 τὴν
1655 630 1885 713 ζημίαν
1927 636 2184 721 προξενῇ
2257 631 2303 720 ἢ
2342 638 2456 721 νῆ-

293 744 409 786 σον
451 713 896 807 διαρπάζωνῆ
934 720 1116 787 πόλιν
1153 722 1298 789 τινά
1339 726 1650 812 παράλιον
1688 722 1732 813 ἦ
1769 753 1829 794 τι
1869 733 2113 816 ἕτερον,
2168 735 2275 799 τὸν
2316 731 2457 801 ἴσον

251 822 529 907 δτρόπον
576 814 701 884 άπό
742 823 872 886 τῶν
912 821 1160 886 ἐκείνων
1198 823 1523 909 κτημάτων
1560 826 1672 892 καί
1709 829 2114 912 πραγμάτων,
2157 833 2219 896 εἷ
2240 835 2465 899 πολλοὶ

291 915 421 985 εἶεν
458 914 504 1003 ἦ
545 914 671 1002 εἷς,
726 919 841 1005 τὴν
881 922 1110 1005 ζημίαν
1148 923 1607 990 άποτίννυσθαι
1644 931 1926 1011 βασιλεῖ’,
1968 927 2184 994 αὐτὸν
2225 932 2297 994 δέ
2331 950 2461 1016 ψη-

292 1020 599 1105 φίζεσθαι
650 1022 943 1101 πολέμιον
1001 1023 1092 1109 τῷ
1148 1022 1327 1111 δήμῳ
1368 1027 1480 1087 καί
1531 1024 1608 1112 τῇ
1645 1028 1849 1112 βουλῇ
1861 1030 1890 1108 ,’
1953 1028 2066 1092 καὶ
2102 1029 2510 1114 στρατεύεινῙ)

290 1120 394 1182 ἐπ’
433 1118 665 1182 ἐκεῖνον
703 1115 795 1193 ὥς
832 1110 1098 1183 ἄπιστον
1139 1119 1251 1184 καὶ
1285 1120 1598 1208 προδότην
1640 1125 1754 1189 τοῦ
1794 1130 2038 1192 κοινοῦ.
2092 1120 2169 1191 οὗ
2212 1125 2463 1216 ‹meve-

290 1240 373 1279 κα
411 1214 525 1280 καὶ
560 1217 826 1296 βασιλέα
862 1215 1198 1303 πρεσβείαν
1234 1218 1394 1305 πρὸς
1430 1224 1494 1287 Γ
1486 1222 1746 1288 έννουαν
1788 1217 2263 1307 ἀπεσταλκέναι,
2304 1219 2463 1291 ὥστε

207 1311 379 1401 ιομῆ
415 1311 612 1396 μόνον
648 1311 730 1379 τά
769 1313 1050 1401 κτήματα
1091 1314 1271 1398 ὖμῶν
1308 1320 1432 1385 τῶν
1465 1321 1806 1407 χρημάτων
1837 1325 2014 1387 ἕνεκα
2044 1314 2135 1386 ὧν
2177 1317 2460 1389 οἷνάλωσε

286 1417 575 1494 πολεμῶν
613 1413 1231 1499 ὖμῑνπαραλαβεῐν,
1292 1413 1452 1482 άλλά
1500 1422 1614 1483 καί
1653 1418 1929 1505 τριήρεις
1968 1423 2259 1487 κελεῦσαι
2300 1425 2460 1504 πέμ-

285 1526 418 1594 ψαι
454 1517 600 1577 καθ’
640 1512 821 1594 ὑμῶν
861 1511 1021 1577 κατά
1064 1510 1142 1577 τά
1184 1514 1558 1598 συγκείμενα
1598 1517 1712 1583 καὶ
1761 1516 1908 1596 τούς
1949 1513 2211 1599 ὅρκους.
2290 1516 2455 1585 ὥστε

287 1613 360 1676 ἐκ
399 1613 462 1677 Γ
456 1608 726 1687 εννούας·
747 1611 825 1676 οὔ
861 1609 1060 1693 μόνον
1100 1613 1464 1700 ἐπικουρίαν
1507 1614 1848 1698 οὕδεμίαν,
1905 1611 2064 1681 ἀλλὰ
2126 1620 2236 1682 καί
2271 1617 2451 1683 πόλε-

287 1733 408 1789 μον
446 1712 558 1776 καί
591 1708 896 1776 ἐπίπλουν
934 1714 1285 1801 προσδοκᾷν
1323 1714 1470 1798 χρή.
1526 1709 1625 1779 ὅτι
1666 1718 1738 1779 δὲ
1777 1715 1886 1780 καί
1922 1718 2051 1781 τῶν
2090 1718 2456 1800 ἐπιτηδείων

207 1811 401 1878 ιδνῦν
455 1833 526 1873 τε
584 1812 814 1887 ἐνδεεῖς
871 1811 1016 1875 ἐστε
1067 1814 1176 1876 καί
1221 1816 1368 1894 μετ’
1426 1814 1631 1897 ὀλίγον
1670 1815 1983 1896 ἐπιλείψει
2022 1817 2340 1890 παντελῶς
2377 1812 2455 1878 ὖ-

280 1914 413 1992 μᾶς
425 1960 448 1991 ,
487 1910 555 1988 ἐξ
593 1908 806 1975 αὐτῶν
845 1901 926 1975 ἄν
963 1934 1060 1987 τις
1099 1913 1227 1977 τῶν
1265 1910 1649 1997 πραγμάτων
1691 1914 2084 1997 ἀληθέστατα
2121 1915 2455 2000 τεκμήραι-

280 2031 388 2078 το.
476 2008 540 2072 οῖ
576 2006 696 2095 γὰρ
739 2012 1134 2086 ἐξελαθέντες
1169 2013 1281 2076 τοῦ
1311 2003 1686 2109 dorsus-15&
1734 2009 1912 2095 ὖμῶν
1942 2012 2296 2097 ςΡωμαῖόι,
2361 2003 2452 2078 ὧν

279 2103 467 2172 αῧτοί
502 2106 583 2172 τά
625 2110 950 2193 ἐπιτήδεια
992 2109 1293 2192 λαβόντες
1328 2106 1611 2197 χρῆσθε,
1676 2108 1746 2177 τὸ
1784 2115 2019 2197 μέτρον
2055 2114 2166 2196 τῆς
2205 2114 2447 2197 τροφῆς
2467 2124 2650 2187 Ρ.Ω97

278 2205 441 2293 πρὸς
479 2205 550 2272 τὸ
592 2210 721 2272 τῶν
758 2211 1299 2294 πολιορκουμένων
1341 2214 1587 2294 πλῆθος
1638 2210 2053 2293 λογιζόμενοι,
2107 2207 2273 2286 ἐντὸς
2317 2209 2452 2274 ὀλί-

194 2330 397 2391 πογου
432 2305 668 2390 χρόνου
709 2305 1085 2374 παντάπασί
1113 2332 1310 2395 φασιν
1346 2310 1519 2392 ὑμᾶς
1557 2309 1633 2376 τὰ
1682 2311 1850 2375 σιτία
1896 2311 2260 2392 ἐπιλείψειν.
2321 2312 2451 2374 λεί-

278 2429 466 2471 πεται
509 2401 586 2491 δὴ
633 2406 791 2487 μίαν
853 2401 1306 2474 ὖπολειπεσθαι
1362 2411 1588 2475 ἐλπίδα
1641 2407 1959 2496 σωτηρίας
1974 2460 1994 2491 ,
2045 2404 2115 2473 τὸ
2179 2407 2446 2491 βασιλέα

279 2503 730 2593 ῥᾳθυμήσαντα
773 2498 818 2590 ἢ
861 2502 969 2570 διὰ
1008 2504 1078 2571 τὸ
1120 2510 1248 2572 τῶν
1286 2509 1792 2591 ἀναλισκομένων
1834 2511 2075 2594 πλῆθος
2103 2507 2447 2594 χρημάτων

280 2686 357 2738 tis
394 2686 538 2737 enim
570 2683 889 2756 planissime
925 2686 1100 2755 pactis
1138 2694 1196 2738 et
1230 2686 1567 2753 foederibus,
1602 2706 1744 2759 quae
1779 2706 1901 2741 eum
1933 2692 2170 2741 Romano
2212 2690 2442 2758 imperio

278 2763 499 2808 senatus
547 2755 891 2827 populusque
928 2757 1256 2808 Genuatium
1301 2758 1448 2824 pacis
1508 2776 1666 2810 causa
1713 2760 1879 2820 fecit,
1927 2766 2144 2827 praeter
2178 2759 2288 2808 alia
2336 2758 2444 2811 hoc

286 2827 453 2877 etiam
502 2826 805 2889 contineri,
857 2836 923 2879 nt
959 2842 1241 2880 commune
1288 2828 1530 2897 ipsorum
1578 2845 1691 2880 non
1738 2826 1903 2879 modo
1955 2827 2167 2879 nullum
2204 2829 2442 2882 Romano

283 2898 518 2965 imperio
556 2897 943 2949 detrimentum
992 2897 1312 2949 damnumve
1360 2899 1656 2965 importet,
1722 2899 1768 2948 si
1820 2893 2027 2950 nullam
2062 2897 2199 2948 belli
2240 2898 2442 2950 occasi-

284 2984 447 3020 onem
484 2967 727 3031 dederit,
765 2967 860 3019 sed
904 2968 947 3019 si
1040 2968 1123 3019 uis
1162 2969 1326 3019 etiam
1363 2970 1603 3035 privatus
1652 2970 1945 3019 Romanurn
1982 2968 2289 3036 quempiam
2326 2969 2445 3018 lae-

280 3039 449 3100 serit,
488 3046 548 3089 ut
584 3038 652 3090 de
687 3039 1018 3106 possessioni
1063 3055 1122 3090 us
1158 3047 1251 3090 aut
1288 3038 1641 3090 facultatibus
1680 3041 1797 3090 eius
1821 3040 2061 3090 Romano
2100 3037 2299 3088 mulcta
2333 3036 2446 3088 sol-

279 3117 456 3162 vatur.
530 3109 626 3161 Sin
665 3110 895 3180 imperio
918 3111 1155 3161 Romano
1193 3107 1611 3160 (letrimentosus
1649 3109 1914 3170 extiterit,
1955 3116 2050 3159 aut
2083 3108 2310 3159 insulam
2350 3112 2446 3157 aut

280 3180 608 3231 maritimam
648 3178 840 3230 urbem
882 3187 977 3232 aut
1012 3179 1165 3231 aliud
1201 3178 1494 3247 diripiens,
1548 3189 1612 3231 ut
1664 3179 1849 3231 eadem
1887 3179 2099 3230 ratione
2136 3177 2223 3229 de'
2256 3193 2444 3229 eorum

280 3251 719 3320 possessionibus
756 3259 850 3303 aut
883 3249 1269 3314 facultatibus,
1306 3267 1400 3302 seu
1436 3250 1620 3319 plures
1666 3267 1762 3300 seu
1821 3266 1961 3300 unus
2000 3248 2281 3299 dumtaxat
2314 3246 2439 3299 sue-

281 3321 388 3383 rit,
426 3320 743 3389 imperatori
778 3321 1003 3373 satisfiat
1035 3322 1262 3390 ipseque
1301 3338 1332 3373 a
1371 3328 1561 3373 senatu
1596 3319 1915 3390 populoque
1959 3318 2235 3370 Genuensi
2268 3316 2442 3370 hostis

277 3390 588 3453 iudicetur,
633 3398 692 3442 et
744 3408 887 3444 arma
937 3392 996 3444 in
1041 3392 1196 3444 illum
1235 3399 1295 3444 ut
1333 3389 1601 3461 perfidum
1637 3408 1700 3441 ac
1734 3389 2068 3458 reipublicae
2104 3386 2442 3457 proditorem

278 3464 578 3530 capiantur.
653 3460 821 3513 Cuius
858 3465 938 3515 rei
968 3463 1139 3530 gratia
1170 3471 1226 3514 et
1258 3465 1637 3530 imperatorem
1674 3460 1743 3513 ad
1769 3459 2083 3511 Genuenses
2112 3459 2442 3527 legationem

274 3533 488 3585 misisse
524 3533 696 3584 nostis
719 3568 735 3590 ‚
769 3549 881 3584 non
917 3533 1090 3587 solum
1131 3541 1192 3584 nt
1225 3532 1423 3585 fundos
1463 3538 1521 3583 et
1570 3531 1728 3582 villas
1765 3538 1968 3583 vestras
2007 3529 2076 3581 ad
2117 3526 2440 3580 reficiendos

282 3611 558 3669 sumptus,
594 3601 724 3653 dum
754 3603 1030 3655 vobiscum
1069 3603 1390 3673 belligerat,
1425 3601 1680 3654 toleratos
1716 3602 1981 3670 recipiat,
2022 3596 2116 3650 sed
2154 3615 2246 3652 eos
2282 3601 2438 3650 insu-

280 3687 381 3741 per
414 3671 480 3722 ad
514 3674 761 3728 triremes
797 3674 1093 3725 seeundum
1130 3682 1397 3726 conventa
1433 3682 1488 3724 et
1523 3673 1826 3724 iuramenta
1863 3679 2049 3723 eontra
2083 3683 2175 3718 vos
2210 3669 2439 3720 mitten-

281 3740 379 3792 das
419 3742 712 3811 impulisse.
787 3744 1151 3828 Quamobrem
1203 3760 1315 3796 non
1370 3742 1676 3795 subsidium
1718 3742 1944 3802 Genua,
1993 3737 2091 3791 sed
2138 3735 2341 3789 bellum
2378 3745 2438 3794 et

276 3809 495 3862 hostilis
531 3812 873 3884 adnavigatio
912 3815 1077 3884 magis
1115 3814 1476 3884 exspectanda
1506 3812 1660 3864 vobis
1681 3820 1781 3864 est.
1851 3812 2017 3862 Porro
2054 3815 2110 3859 et
2141 3809 2313 3861 victus
2341 3811 2435 3860 ln·-

279 3881 410 3950 opia
448 3896 538 3933 vos
574 3884 847 3944 laborare,
897 3888 1169 3955 pauloque
1206 3893 1332 3954 post
1366 3882 1516 3955 quod
1548 3881 1830 3937 haesitetis
1859 3895 1971 3931 non
2019 3877 2331 3942 habituros,
2366 3894 2437 3933 ex

280 3968 342 4003 re
374 3952 492 4020 ipsa
525 3952 650 4004 duci
685 3965 1057 4024 argumentum
1095 3956 1453 4008 certissimum
1490 3960 1687 4024 potest.
1759 3951 1913 4020 Quos
1948 3950 2095 4004 enim
2133 3948 2267 4001 urbe
2302 3965 2435 4000 exe-

280 4022 435 4090 gistis
474 4023 732 4086 Romani,
769 4041 1110 4095 quorumque
1145 4027 1420 4078 alimentis
1455 4024 1743 4085 fruimini,
1791 4035 2091 4074 mensuram
2144 4020 2433 4070 alimoniae

280 4109 402 4141 cum
441 4091 776 4147 obsessorum
813 4096 1167 4148 multitudine
1205 4094 1616 4158 contendentes,
1654 4094 1797 4144 intra
1831 4090 1999 4142 breve
2022 4099 2231 4158 tempus
2255 4087 2435 4138 omni-

275 4160 455 4217 modis
490 4174 791 4220 commeatu
828 4182 922 4222 vos
964 4167 1223 4222 carituros
1249 4168 1534 4220 affirmant.
1605 4165 1745 4234 Ergo
1778 4159 1917 4216 haee
1941 4177 2049 4217 una
2081 4175 2206 4233 spes
2240 4156 2430 4211 saluti·
