2982 4913
596 352 625 407 1
649 352 690 405 2
1395 343 1963 410 CANTACUZEM

516 508 978 596 ΒἈνὸρόνικον
1017 508 1129 572 καὶ
1164 501 1487 589 Μανουὴλ
1527 501 1635 568 τὸν
1678 503 2005 588 δεσπότην,
2050 502 2162 568 καί
2198 503 2581 590 θυγατέρας,
2607 498 2772 571 ’'Av-

577 632 695 675 ναν
713 609 825 673 καί
848 606 1211 692 Θεοδῶραν.
1236 600 1472 687 “Ap-iv
1507 597 1618 668 οὖν
1651 604 2047 693 συμβέβηκεν
2069 602 2177 670 ἐπὶ
2205 606 2329 668 τῶν
2363 602 2771 688 ἀναγεγραμ-

576 707 786 791 μένων
822 704 1187 788 βασιλέωνῐ
1204 701 1326 768 ἀπὸ
1369 706 1498 768 τῶν
1539 706 1651 767 τοῦ
1690 704 1998 791 Λάσκαρι
2024 703 2279 789 χρόνων
2308 698 2461 787 ἄχρι
2487 701 2774 787 Μιχαὴλ

576 808 895 891 βασιλέως
949 807 1063 872 τοῦ
1111 807 1236 869 τῶν
1287 803 1759 889 Παλαιολόγων
1818 804 2150 891 δευτέρου,
2212 809 2470 881 πολλοῖς
2523 804 2772 890 ἐγένετο

580 906 1092 992 συγγράψασθαι
1112 901 1500 985 σπούδασμα
1544 902 1618 967 οὗ
1656 905 1907 988 μικρόν·
1952 906 2017 983 ἐξ
2062 896 2151 969 ὧν
2198 902 2383 995 αὐτός
2422 925 2491 968 τε
2528 902 2608 968 σύ
2653 903 2806 970 καὶὸ

581 1002 648 1069 εἴ
675 1029 768 1082 τις
804 1009 1017 1093 ἕτερος
1050 1005 1361 1089 βούλοιτο,
1405 1005 1711 1091 δυνηθείη
1747 1000 1823 1069 ἂν
1869 1004 2147 1091 ἀκριβῶς
2189 1006 2427 1085 μαθεῖν
2467 1003 2774 1085 περὶτῶν

455 1105 1054 1192 Ρ.6πεπραγμε’νων·
1139 1103 1207 1170 εἴ
1235 1127 1307 1189 γε
1345 1102 1438 1188 μὴ
1480 1104 1776 1183 κάκεῖνοι,
1818 1110 1960 1181 ταῖς
1998 1101 2509 1191 προᾷρηθείσαις
2545 1105 2776 1183 ἐνσχε-

579 1205 792 1285 θέντες
836 1210 1087 1286 αἰτίαις,
1128 1207 1199 1273 τό
1242 1207 1359 1288 μὲν
1405 1203 1862 1290 ἀληθῆλὲγειν
1906 1201 2131 1270 εἴασαν
2169 1203 2446 1286 χαίρειν,
2492 1201 2679 1269 αὐτοὶ
2701 1206 2776 1271 δὲ

578 1303 752 1384 ὅπως
806 1311 956 1375 ποτὲ
1014 1309 1238 1389 ἔτυχον
1283 1307 1661 1388 διακείμενοι
1707 1305 1860 1392 περὶ
1899 1295 1988 1370 ὧν
2042 1303 2387 1388 διελέγοντο
2400 1351 2419 1381 ,
2481 1300 2643 1369 οῧτω
2693 1304 2776 1389 δὴ

578 1409 689 1475 καί
737 1409 852 1495 τὴν
894 1412 1182 1496 διήγησιν
1228 1405 1566 1471 ἀπέδωκαν
1622 1409 1747 1471 τῶν
1807 1406 2225 1492 πραγμάτων,
2285 1402 2500 1488 ἀρκεῖν
2555 1403 2848 1481 αὖτοῖςιο

574 1507 911 1594 ἡγούμενοι
936 1508 1096 1595 πρὸς
1124 1509 1536 1589 ἀντιμισθίαν
1565 1509 1690 1572 ταῖν
1714 1507 1941 1585 πόνων,
1965 1503 2007 1590 ἢ
2032 1504 2140 1572 τὸν
2169 1503 2546 1591 φιλούμενον
2580 1505 2772 1568 ἐπαι-

576 1609 791 1688 νέσαι,
835 1605 878 1695 ἢ
918 1607 1024 1675 τόν
1063 1606 1445 1692 μισούμενον
1483 1610 1920 1694 καθυβρίσαι,
1961 1610 2072 1691 τῆς
2118 1609 2176 1672 δ’
2223 1604 2533 1689 ἀληθείας
2567 1604 2776 1688 μηδὲν

519 1711 1045 1797 Βφροντίσαντες.
1084 1698 1167 1787 ἐξ
1190 1704 1340 1773 ὅτου
1381 1709 1440 1773 δ’
1481 1704 1520 1772 ὅ
1561 1705 1864 1790 βασιλεὺς
1889 1707 2186 1792 Μιχαὴλ,
2231 1707 2358 1770 τῶν
2387 1703 2774 1785 Παλμιολό-

574 1836 706 1898 γων
748 1810 787 1878 ὅ
829 1812 1117 1896 δεῧτερος
1140 1804 1405 1892 δηλαδὴ,
1444 1809 1560 1872 τοῦ
1602 1809 1913 1893 παρόντος
1958 1807 2195 1892 ἀπέστη
2241 1804 2429 1888 βίου,
2478 1801 2520 1889 ἢ
2561 1803 2778 1880 οὖδείς

535 1938 549 1957 ⁴
579 1912 1024 1997 avveypdiparo
1051 1909 1132 1976 τά
1157 1915 1290 1974 τοῖν
1314 1906 2121 1995 βασιλέοινιέξειργασμένα
2161 1907 2229 1972 ἔν
2253 1927 2322 1969 τε
2357 1912 2488 1981 τοῖς
2516 1904 2843 1990 εἰρήνης15

578 2021 826 2098 καιροῖς
865 1992 977 2078 καί
1016 2015 1082 2077 ἐν
1127 2002 1221 2086 οἷς
1260 2008 1411 2093 περὶ
1447 2012 1559 2095 τῆς
1588 2009 1795 2095 ἀρχῆς
1820 2011 2221 2094 ἐπολέμησαν
2248 2006 2411 2093 πρὸς
2437 2005 2770 2089 ἀλλήλους·

576 2111 620 2197 ἢ
658 2112 784 2199 εἴγε
830 2112 941 2178 καί
982 2109 1452 2195 συνεγράψατο,
1502 2108 1612 2173 οὔκ
1651 2107 1730 2175 ἂν
1772 2104 1955 2194 οἶμαι
1994 2110 2302 2195 καθαραῖς
2322 2110 2434 2193 τῆς
2459 2106 2772 2190 ἀληθείας

580 2214 769 2281 αὐτὸν
826 2214 1261 2301 ἐφάπτεσθαι,
1321 2208 1430 2275 ἅτε
1480 2212 1558 2296 δὴ
1614 2214 1737 2276 ταῖν
1786 2211 2176 2296 πραγμάτων
2239 2210 2475 2295 ἀκριβῆ
2532 2209 2768 2294 γνῶσιν

582 2313 694 2379 οὐκ
737 2313 1071 2399 ἐσχηκότα,
1109 2314 1358 2376 πολλῶν
1404 2314 1472 2377 ἓν
1517 2311 1706 2399 ὀλίγῳ
1745 2312 1958 2399 χρόνῳ
2003 2311 2115 2377 καὶ
2156 2308 2461 2374 ποικίλων
2507 2329 2768 2372 συνενε-

520 2415 885 2498 ῦχθέντων.
931 2412 1030 2481 διὸ
1077 2412 1156 2479 σύ
1192 2435 1262 2478 τε
1302 2414 1511 2491 καλῶς
1547 2412 1853 2501 ἐποίησας
1889 2410 2070 2500 παρὰ
2106 2412 2218 2477 τοῦ
2266 2410 2494 2497 σαφῶς
2533 2408 2850 2486 εἷδότοςξεο

579 2514 893 2599 ἐθελήσας
928 2518 1185 2598 μαθεῖν,
1229 2514 1353 2600 ἐγώ
1392 2536 1460 2578 τε
1497 2517 1700 2600 μηδὲν
1728 2496 2066 2599 μελλήσας,
2108 2515 2221 2598 τὴν
2261 2510 2549 2598 διήγησιν
2573 2509 2774 2594 ἐκθή-

578 2636 778 2697 σομαι
820 2617 945 2679 τῶν
985 2614 1390 2702 πραγμάτων,
1432 2616 1546 2700 τῆς
1590 2614 1897 2701 ἀληθείας
1939 2615 2339 2701 προτιμήσας
2379 2611 2600 2698 μηδὲν.

576 2780 856 2833 dronicum
892 2782 1299 2848 imperatorem,
1355 2789 1410 2834 et
1447 2781 1748 2836 Manuelem
1793 2785 2097 2852 despotam,
2145 2782 2424 2836 muliebris
2461 2789 2633 2834 autem
2675 2797 2769 2833 se-

574 2867 674 2905 xus
721 2852 927 2904 Annam
977 2859 1030 2905 et
1075 2851 1408 2906 Theodoram
1459 2871 1524 2906 ex
1570 2871 1633 2907 ea
1680 2858 1935 2922 suscepit.
2020 2856 2168 2920 Quae
2214 2862 2386 2907 autem
2437 2852 2769 2920 temporibus

576 2924 987 2991 imperatorum,
1026 2940 1161 2993 quos
1197 2941 1357 2993 supra
1392 2927 1523 2991 dixi,
1564 2942 1595 2978 a
1633 2926 1917 2981 Theodoro
1958 2925 2168 2981 Lascari
2207 2942 2376 2995 usque
2416 2927 2480 2978 ad
2519 2924 2768 2994 michae-5

572 2995 679 3048 lem
718 3011 783 3048 ex
820 2995 1160 3066 Palaeologis
1195 2998 1488 3050 secundum
1539 3005 1655 3050 acta
1702 3006 1852 3063 sunt,
1904 3002 1957 3053 in
2006 3002 2075 3051 iis
2113 2998 2478 3053 describendis
2513 2996 2767 3065 complu-

574 3082 659 3120 res
698 3067 1111 3137 diligentissime
1150 3067 1520 3121 elaborarunt:
1569 3072 1801 3126 undeet
1837 3078 1925 3136 tu,
1981 3079 2034 3123 et
2082 3070 2275 3139 quibus
2323 3068 2558 3144 libebit,
2599 3085 2767 3121 accu-

572 3145 735 3192 ratam
775 3156 949 3192 rerum
989 3142 1356 3209 cognitionem
1397 3143 1610 3208 possitis
1647 3156 1867 3208 parare,
1915 3144 2021 3194 nisi
2062 3143 2199 3195 forte
2237 3143 2394 3194 etiam
2434 3140 2550 3204 illi,
2603 3156 2766 3208 prae·

573 3211 837 3262 dictorum
872 3213 951 3263 rei
988 3213 1300 3276 criminum,
1338 3213 1616 3265 veritatem
1654 3212 1840 3265 valere
1879 3215 2177 3276 iusserunt,
2216 3221 2269 3264 et
2305 3220 2464 3279 prout
2500 3228 2632 3280 erga
2671 3227 2766 3264 eos

554 3288 723 3333 *erant
761 3282 1009 3345 animati,
1051 3283 1118 3334 de
1157 3282 1349 3349 quibus
1387 3283 1756 3351 exponebant,
1794 3286 1869 3335 ita
1904 3301 2078 3338 rerum
2115 3283 2274 3336 nobis
2310 3286 2616 3338 memoriam
2652 3290 2767 3335 tra-

572 3352 838 3416 diderunt,
876 3353 1002 3405 satis
1038 3367 1283 3421 magnam
1322 3355 1431 3406 suis
1468 3354 1744 3408 laboribus
1783 3358 2081 3409 mercedem
2119 3362 2405 3409 statuentes
2444 3354 2529 3407 vel
2570 3358 2768 3407 immo-

572 3424 696 3475 dice
733 3425 1103 3476 commendare
1146 3440 1280 3492 quos
1318 3425 1629 3495 diligerent,
1671 3425 1760 3478 vel
1801 3427 2158 3496 despicabiles
2195 3427 2423 3480 reddere
2460 3442 2595 3494 quos
2618 3427 2772 3479 odis-

572 3501 719 3557 sent,
775 3497 1015 3547 veritatis
1050 3498 1309 3548 rationem
1347 3496 1602 3550 habentes
1637 3498 1856 3550 nullam.
1932 3499 2014 3552 Ab
2056 3515 2276 3552 excessu
2315 3505 2489 3556 autem
2527 3497 2771 3550 Michae-

572 3566 644 3618 lis
663 3565 976 3635 Palaeologi
1014 3568 1237 3619 secundi
1275 3577 1365 3620 aut
1401 3583 1556 3621 nemo
1596 3571 1871 3639 quisquam
1913 3587 2051 3639 qnae
2090 3571 2153 3624 ab
2195 3579 2421 3638 utroque
2446 3570 2771 3636 imperatore

575 3644 628 3689 et
662 3638 815 3707 pacis.
846 3638 1175 3706 temporibus
1213 3647 1266 3690 et
1290 3639 1459 3705 bello,
1501 3642 1557 3691 in
1594 3657 1701 3710 quo
1732 3643 1800 3696 de
1824 3645 2050 3710 imperio
2080 3644 2416 3704 dimicarunt,
2457 3648 2606 3709 gesta
2627 3648 2770 3705 sunt,

576 3710 914 3777 conscripsit:
972 3716 1064 3761 aut
1108 3713 1151 3761 si
1204 3712 1392 3777 etiam,
1447 3727 1556 3764 non
1612 3729 1732 3765 eum
1787 3714 2019 3767 arbitror
2072 3717 2430 3780 incorruptam
2493 3713 2769 3764 veritatem

574 3780 845 3849 attigisse:
902 3788 1087 3848 utpote
1138 3790 1381 3836 accurata
1435 3790 1704 3853 gestorum
1756 3787 2071 3856 cognitione
2121 3787 2457 3848 destitutum,
2515 3783 2771 3852 quando-

574 3850 791 3919 quidem
828 3852 968 3905 haud
1008 3855 1080 3905 ita
1120 3853 1287 3922 longo
1329 3857 1623 3909 intervallo
1671 3856 1837 3910 multa
1887 3865 1940 3911 et
1989 3859 2136 3909 varia
2184 3858 2543 3925 contigerunt.
2616 3852 2770 3917 Quo-

574 3925 722 3974 circa
758 3938 874 3975 cum
913 3933 965 3976 tu
1005 3928 1292 3992 prudenter
1332 3928 1496 3990 facis,
1546 3928 1610 3980 ab
1650 3944 1717 3982 eo
1758 3932 2008 3996 accipere
2045 3925 2143 3980 illa
2180 3928 2522 3990 desiderans,
2568 3929 2660 3994 qui
2704 3941 2770 3978 ea

575 3996 870 4047 certissime
908 3999 1093 4049 novit:
1135 4007 1240 4050 tum
1282 4015 1387 4069 ego
1426 4000 1567 4053 nihil
1606 4003 2026 4069 procrastinans,
2064 4000 2247 4053 eadem
2287 4014 2442 4066 quam
2484 3998 2767 4050 verissime

572 4065 863 4133 explanare
899 4070 1182 4135 occipiam.
