2982 4913
1115 342 1325 404 me
1378 345 1465 453 ‚¹¹⁶
2196 317 2365 433 309

216 496 448 550 iuratio.
537 496 856 551 Maiestatis
904 514 937 547 a
992 496 1363 568 Zamplacone
1414 497 1752 561 arcessitus,
1795 499 2004 552 crimen
2046 515 2217 572 negat
2237 502 2363 575 (πα).

206 567 282 618 1η
305 582 504 617 summo
525 564 848 620 discrimine
877 565 957 618 ad
970 564 1409 619 misericordiam
1444 563 1734 622 domestici
1766 568 2040 641 confugit:
2080 574 2182 643 qui
2201 574 2256 624 ei
2281 576 2369 625 in-

204 650 426 707 gratum
452 638 695 690 animum
726 637 1092 709 exprobrans,
1125 638 1482 720 aliquatenus
1528 638 1797 691 auxilium
1833 642 2103 710 promittit
2132 643 2367 694 stultiti-

207 724 407 775 amque
414 706 578 776 fizcti
606 709 776 777 ipsius
819 709 1052 778 apologo
1082 705 1453 778 fisttvissimo
1490 720 1619 761 ante
1649 710 1839 761 oculos
1871 711 2033 778 ponit
2049 709 2175 783 (23).
2258 712 2364 763 Ni-

204 792 380 828 caeae
414 777 484 826 ab
522 778 773 831 Orchane
797 778 970 831 Persa
1009 777 1257 830 obsessae
1285 780 1673 839 succurritur,
1698 794 1813 848 pasc
1852 783 2209 851 componitur.
2279 782 2364 837 De

201 845 522 914 Syrgianne
564 846 831 900 iudicium
883 859 1202 901 exercetur.-
1235 846 1648 917 ampliationem
1677 851 1850 919 petit.-
1890 850 2148 905 Galatam
2164 851 2324 922 fingit
2346 891 2363 916 ,

200 913 303 967 ubi
350 912 654 985 diligenter
696 919 1019 990 quaesitus,
1057 934 1170 968 non
1213 917 1523 969 invenitur.
1595 916 1731 970 Inde
1768 918 2074 982 Euboeam,
2111 919 2240 973 inde
2289 921 2369 975 ad

204 984 424 1036 Cralem
457 987 595 1049 abit,
635 989 730 1043 cui
761 985 1026 1039 adversus
1047 987 1321 1040 Romanos
1348 984 1445 1037 dat
1475 1005 1696 1058 operam
1711 986 1837 1069 (24).
1897 988 2206 1060 Sphranzes
2234 1008 2365 1044 con-

199 1064 291 1104 tra
326 1055 692 1138 Syrgiannem
719 1075 775 1110 se
803 1060 1131 1128 imperatori
1164 1056 1341 1127 ffrt:
1376 1058 1508 1129 qui,
1587 1074 1661 1107 ua
1688 1070 1912 1111 ratione
1946 1060 2114 1112 vivus
2137 1077 2206 1111 ac
2242 1063 2361 1116 sine

192 1140 388 1192 pugna
421 1142 483 1175 tn
500 1140 826 1203 potestatem
864 1129 1081 1190 veniat,
1113 1128 1475 1179 consultatur.
1604 1129 1839 1198 egotium
1875 1129 2150 1199 Sphranzi
2174 1127 2359 1183 datur.

195 1193 401 1247 Persae
435 1198 497 1248 in
526 1196 865 1249 Macedonia
896 1199 1055 1248 victi.
1127 1196 1434 1267 Sphranzes
1460 1197 1828 1266 Syrgiannem
1858 1212 1983 1252 astu
2012 1197 2252 1252 occidit.-
2289 1200 2358 1250 ab

194 1263 536 1333 imperatore
564 1269 810 1337 praemio
853 1267 1119 1340 afficitur.
1197 1268 1328 1319 Cum
1368 1268 1536 1319 Crale
1567 1266 1869 1319 concordia
1899 1272 2240 1332 resarcitur,
2279 1271 2359 1322 ci-

195 1333 409 1388 vitates
452 1336 521 1387 ab
569 1354 630 1389 eo
666 1351 861 1407 captae
906 1334 984 1388 ad
1007 1334 1178 1410 fidem
1209 1333 1470 1389 redeunt.-
1508 1335 1681 1401 eidem
1711 1338 1984 1391 aua-ilium
2015 1340 2083 1391 ab
2119 1340 2358 1411 impera-

189 1414 317 1458 tore
342 1405 721 1479 mittitur(25).
774 1409 989 1478 Regina
1009 1406 1252 1460 Moesiae
1277 1424 1381 1477 per
1419 1403 1558 1457 duos
1630 1423 1843 1460 roceres
1885 1426 2055 1479 regno
2085 1410 2343 1480 exigitur.
2389 1448 2392 1451 .

186 1473 519 1528 Alexander
540 1477 839 1529 Michaelis
869 1496 936 1530 ex
954 1494 1143 1529 sorore
1173 1494 1339 1546 nepos
1369 1492 1468 1527 rea·
1487 1473 1586 1528 dec
1613 1490 1835 1546 aratur‚·
1871 1480 1974 1551 qui
1986 1479 2167 1541 urbes,
2208 1497 2352 1547 quae

185 1560 250 1594 se
284 1543 606 1615 imperatori
636 1544 988 1613 dediderant,
1013 1562 1210 1616 magno
1227 1545 1461 1598 collecto
1489 1548 1734 1599 exercitu
1763 1563 2093 1619 recuperare
2130 1563 2357 1602 conten-

186 1609 298 1665 dit.
368 1614 567 1670 Persae
600 1613 976 1669 Nicomediam
1022 1615 1299 1668 obsessuri
1347 1627 1643 1668 terrentur.
1733 1616 2049 1686 Imperator
2080 1620 2350 1672 Moesiam

186 1680 441 1736 invadit.
509 1687 629 1739 Pas:
661 1689 935 1740 sancitur.
1003 1686 1114 1739 Pro
1153 1684 1379 1737 urbibus
1411 1685 1619 1737 ablatis
1662 1681 2038 1756 digladiatio,
2075 1688 2351 1743 Anchiale

183 1752 503 1823 Diampolis
524 1755 1018 1879 permutatu1·'526).
1102 1752 1423 1807 Alexander
1464 1753 1729 1820 Scythas,
1765 1756 1874 1808 sibi
1904 1758 2121 1809 auxilio
2151 1771 2349 1811 contra

180 1836 448 1893 patruum
482 1829 804 1889 venientes,
906 1830 997 1879 olo
1048 1825 1110 1877 in
1155 1826 1422 1878 Romanos
1457 1825 1628 1877 mittit
1673 1825 1768 1877 vel
1796 1828 2100 1895 praemittit
2140 1830 2348 1897 potius.

180 1895 470 1949 Atrociter
541 1909 800 1967 ugnatur.
885 1896 1308 1949 Matrimonium
1340 1913 1458 1948 cum
1485 1895 1681 1948 Maria
1721 1896 2073 1965 imperatoris
2089 1898 2232 1966 filia
2263 1898 2347 1948 bis

175 1965 429 2033 petitur,
521 1968 567 2018 is
621 1978 932 2020 recusatur.
1004 1963 1217 2019 Foedus
1259 1966 1485 2036 seritur.
1561 1964 1896 2018 Convivium
1938 1966 2119 2019 initur
2174 1980 2229 2019 et
2279 1965 2347 2019 de

179 2036 516 2089 strenuitate
572 2036 810 2089 Romani
851 2034 1309 2089 commendantur
1337 2034 1466 2106 (27).
1552 2035 1810 2087 Amurius
1870 2038 2066 2090 Ioniae
2116 2049 2349 2106 satrapa

182 2102 487 2159 Thraciam
523 2108 852 2169 incursans,
891 2107 1118 2159 illaesus
1155 2105 1287 2156 abit.
1358 2106 1562 2157 Senior
1587 2107 1888 2176 imperator
1919 2119 1971 2159 et
1993 2118 2170 2157 mater
2198 2108 2350 2158 iuni-

178 2174 297 2227 oris
324 2173 432 2226 hac
468 2179 594 2229 luce
642 2176 1057 2246 defimguntur,
1094 2174 1494 2228 Monomachus
1529 2173 1849 2235 messaliae
1874 2175 2216 2247 gubernator
2255 2192 2346 2228 re-

180 2244 376 2297 bellat.
448 2248 715 2299 Montani
754 2246 1009 2300 Thessali
1039 2246 1370 2316 imperatori
1408 2242 1640 2298 salutem
1670 2244 1898 2309 dicunt,
1935 2245 2200 2317 obsequia
2238 2263 2345 2298 sua

179 2314 236 2370 ei
256 2311 584 2385 deserentes.
658 2318 790 2370 Cum
830 2317 993 2369 Crale
1038 2319 1341 2386 imperator
1365 2316 1585 2387 aliquot
1610 2314 1726 2368 dies
1757 2315 2020 2368 hilariter
2041 2327 2094 2368 et
2116 2317 2179 2365 in
2213 2332 2348 2386 epu-

184 2384 263 2436 lis
303 2387 720 2459 consummas).
803 2386 1003 2439 lesbus
1041 2405 1075 2438 a
1131 2385 1509 2438 Genuensibus
1539 2398 1877 2454 occupatur.-
1930 2405 1994 2439 eo
2043 2386 2348 2455 imperator

176 2473 303 2509 cum
331 2454 504 2509 classe
539 2475 743 2528 magna
770 2474 873 2528 pro
901 2459 1170 2509 tciscitur.
1231 2456 1386 2510 Delii
1421 2474 1455 2507 a
1493 2456 1867 2510 Genuensibus
1893 2451 2195 2528 deficiunt:
2238 2472 2342 2508 nec

179 2527 231 2578 ii
281 2542 403 2577 cum
437 2528 699 2579 Romanis
732 2544 834 2579 con
881 2530 1031 2599 igere
1077 2523 1301 2584 audent.
1372 2526 1650 2580 Pincerna
1701 2526 1781 2578 ad
1813 2527 2127 2594 Mitylenen
2171 2543 2342 2596 oppu-

171 2593 461 2666 gnandam
490 2597 859 2670 relinquitur.-
895 2609 1074 2649 cetera
1105 2594 1307 2666 oppida
1324 2597 1587 2650 Romanis
1612 2613 1668 2648 se
1695 2594 1918 2650 dedunt.
1963 2597 2168 2648 Contra
2193 2594 2342 2649 Pho-

175 2682 373 2718 caeam
426 2678 479 2718 et
524 2667 838 2733 Mitylenen
876 2669 1175 2736 imperator
1206 2665 1512 2718 Sarchanis
1562 2677 1821 2736 satrapae
1866 2665 2138 2718 auxilium
2174 2665 2342 2716 invo-

175 2746 293 2786 cat.
364 2734 784 2790 Phocaeensium
808 2738 870 2787 in
901 2752 958 2789 se
993 2732 1336 2803 defendendo
1362 2736 1696 2787 constantia.
1771 2736 1904 2786 Tres
1927 2734 2046 2804 filii
2075 2745 2336 2803 satrapae

171 2805 381 2857 Ioniae
428 2805 747 2876 imperatori
777 2803 959 2878 fidem
1000 2822 1152 2858 suam
1207 2805 1562 2872 pollicentur.
1634 2802 1913 2857 Nobilium
1968 2803 2334 2856 Romanorum

171 2871 533 2927 clandestina
568 2878 629 2929 in
662 2878 1044 2945 imperatorem
1065 2872 1308 2945 perfidia
1329 2871 1440 2944 (29)
1460 2893 1480 2924 .·
1520 2874 1715 2944 ingens
1752 2870 1925 2927 eidem
1958 2891 1994 2923 a
2020 2873 2203 2926 Persis
2228 2890 2336 2923 au-

169 2945 392 2997 xilium.
430 2947 630 3016 Magni
654 2945 940 2999 domestici
963 2960 1081 2997 cum
1107 2945 1334 2996 Amurio
1359 2944 1527 2995 Persa
1562 2943 1896 3013 colloquium
1917 2979 1932 3004 ‚
1971 2954 2025 2995 et
2061 2942 2331 3010 epulatio,

170 3028 228 3068 et
258 3027 529 3086 quantum
550 3019 742 3086 gratia
774 3013 928 3087 apud
949 3033 1067 3067 eum
1086 3015 1345 3084 potuerit.
1415 3014 1761 3066 Domesticus
1792 3013 2025 3063 amicum
2058 3007 2332 3080 quendam

175 3088 513 3139 Genuensem
539 3085 618 3139 ad
642 3083 1061 3139 tabernaculum
1084 3102 1239 3137 suum
1277 3084 1524 3144 invitat,
1567 3083 1658 3135 cui
1678 3082 1963 3134 Phocaeae
1991 3077 2331 3133 deditionem

170 3159 397 3228 egregia
433 3158 691 3211 oratione
724 3153 1062 3226 suadet(3o).
1134 3154 1238 3206 Ille
1271 3151 1338 3206 de
1370 3170 1594 3206 suorum
1624 3151 1999 3206 obstinatione
2032 3151 2331 3216 conqueri·-

171 3238 296 3288 tur,
335 3228 625 3280 consilium
658 3228 852 3298 poscit.
922 3226 1163 3291 Magnus
1186 3222 1508 3278 domesticus
1544 3235 1744 3277 auctor
1766 3235 1868 3285 est,
1898 3221 1965 3272 ab
1998 3223 2336 3291 imperatore*

169 3297 399 3349 veniam
431 3310 595 3350 orent
609 3318 630 3364 ;
669 3298 865 3350 Persas
891 3293 1105 3349 obsides
1126 3297 1182 3347 ei
1200 3292 1408 3347 donent
1422 3315 1444 3361 ‚·
1466 3292 1771 3348 Phocaeam
1794 3305 1846 3345 et
1865 3291 2178 3358 Mitylenen
2194 3287 2330 3342 red-

165 3364 338 3419 dant.-
374 3368 546 3419 multa
570 3368 698 3420 item
729 3368 872 3418 bona
893 3377 1199 3426 enumerat,
1235 3365 1433 3434 quibus
1471 3363 1539 3417 ab
1571 3382 1635 3419 eo
1671 3360 1962 3436 afficiendi
1985 3362 2109 3414 sint.
2159 3359 2326 3414 Urbes

165 3453 287 3488 cum
318 3435 600 3494 obsidibus
630 3435 961 3498 redduntur,
992 3436 1075 3488 ita
1108 3434 1309 3488 Lesbus
1339 3437 1609 3506 recipitur
1625 3435 1756 3504 (31).
1826 3434 2036 3487 Albani
2063 3431 2327 3485 tumultu·

165 3519 360 3568 antur,
402 3507 727 3560 civitatibus
754 3505 964 3560 vicinis
985 3504 1439 3576 depopulationes
1472 3505 1747 3576 inserunt,
1783 3502 2080 3558 domantur
2104 3503 2324 3554 immen-

161 3594 335 3648 saque
362 3576 578 3647 praeda
610 3579 950 3647 congeritur.
1002 3578 1366 3630 Acarnanum
1390 3592 1681 3646 procerum
1717 3572 1785 3629 de
1812 3575 2144 3644 imperatore
2173 3571 2322 3624 reci-

156 3643 367 3716 piendo
401 3645 825 3716 dissenst'os32).·
863 3647 1091 3719 reginae
1115 3647 1387 3699 sententia
1420 3643 1777 3715 approbatur.
1851 3645 1934 3697 De
1963 3644 2176 3726 nuptiis
2199 3657 2319 3690 cum

156 3717 416 3786 principe
432 3715 745 3787 Nicephoro
767 3729 821 3770 et
840 3714 1125 3769 domestici
1121 3715 1265 3789 fllia
1305 3718 1606 3769 assentitur
1632 3716 1938 3786 imperator
1952 3731 1975 3780 ,⁶
2008 3711 2318 3764 libertatem

173 3799 357 3855 negat.
428 3786 598 3840 Dedit
623 3803 680 3839 se
707 3788 1009 3859 provincia
1035 3787 1489 3858 imperatorisque
1503 3784 1974 3850 mansuetudinem
2006 3799 2075 3834 ac
2113 3778 2318 3847 benesi-

162 3857 407 3908 centiam
435 3857 953 3912 commemorabilem
973 3857 1269 3926 experitur.
1338 3857 1482 3909 Puer
1509 3855 1851 3926 Nicephorus
1877 3871 1912 3904 a
1938 3848 2230 3904 malevolis
2242 3846 2321 3902 ad

159 3921 441 3977 dominam
478 3930 712 3982 Tarenti
747 3928 1103 3998 transfertur.
1171 3926 1346 3980 Rebus
1381 3924 1672 3997 confictis,
1708 3927 2011 3996 imperator
2026 3920 2316 3974 Thessalo·

159 3995 346 4049 nicam
393 3995 552 4051 redit.
627 3996 949 4051 Alexander
997 4014 1097 4050 rea:
1141 3998 1451 4050 Moesorum
1498 4012 1663 4068 super
1696 3991 2047 4045 matrimonio
2101 3990 2315 4058 legatos

157 4068 356 4127 mittit,
393 4070 487 4122 cui
511 4071 769 4141 quamvis
797 4068 1071 4132 barbaro,
1102 4067 1317 4137 publici
1343 4085 1514 4125 causa.
1540 4062 1805 4121 commodi
1821 4063 2005 4135 filiam
2036 4078 2190 4114 suam
2218 4057 2315 4112 de-

155 4135 537 4207 spondet(33).
608 4138 807 4192 Persae
833 4151 1088 4208 raptores
1121 4156 1157 4192 a
1190 4135 1479 4192 domestico
1519 4148 1575 4190 et
1602 4137 1932 4206 imperatore
1972 4129 2309 4189 caeduntur,

154 4208 484 4278 capiuntur,
533 4222 793 4278 agantur.
835 4210 1166 4278 Nuptiarum
1191 4204 1345 4279 apud
1362 4205 1773 4275 Adrianopolin
1799 4203 2110 4257 celebritas.
2139 4201 2314 4253 Acar·-

155 4296 366 4334 nanum
394 4277 463 4332 de
491 4278 657 4340 ectio.
724 4277 1069 4348 Nicephorus
1100 4296 1138 4331 a
1167 4278 1462 4336 rebellibus
1493 4279 1762 4348 repetitur
1796 4286 1966 4345 atque
2013 4289 2050 4326 a
2094 4270 2312 4328 Taren·-
