<?xml version="1.0" encoding="UTF-8"?>
<!DOCTYPE html PUBLIC "-//W3C//DTD XHTML 1.0 Transitional//EN"
    "http://www.w3.org/TR/xhtml1/DTD/xhtml1-transitional.dtd">
<html xmlns="http://www.w3.org/1999/xhtml" xml:lang="en" lang="en">
 <head>
  <title>
</title>
<meta http-equiv="Content-Type" content="text/html;charset=utf-8" />
  <meta name='ocr-system' content='tesseract 3.04.00' />
  <meta name='ocr-capabilities' content='ocr_page ocr_carea ocr_par ocr_line ocrx_word'/>
</head>
<body>
  <div class='ocr_page' id='page_1' title='image "./corpusscriptoru14berlgoog_0035.png"; bbox 0 0 2982 4913; ppageno 0'>
   <div class='ocr_carea' id='block_1_1' title="bbox 932 287 2448 363">
    <p class='ocr_par' dir='ltr' id='par_1_1' title="bbox 932 287 2448 363">
     <span class='ocr_line' id='line_1_1' title="bbox 932 287 2448 363; baseline 0.003 -8"><span class='ocrx_word' id='word_1_1' title='bbox 932 292 1126 357; x_wconf 81' lang='lat' dir='ltr'><strong>vrrA</strong></span> <span class='ocrx_word' id='word_1_2' title='bbox 1181 287 1715 357; x_wconf 79' lang='lat' dir='ltr'><strong>CANTACUZEN</strong></span> <span class='ocrx_word' id='word_1_3' title='bbox 1720 295 1773 357; x_wconf 85' lang='lat'><strong>1.</strong></span> <span class='ocrx_word' id='word_1_4' title='bbox 2227 296 2448 363; x_wconf 78' lang='lat' dir='ltr'><strong>xxvu</strong></span> 
     </span>
    </p>
   </div>
   <div class='ocr_carea' id='block_1_2' title="bbox 249 460 2470 4246">
    <p class='ocr_par' dir='ltr' id='par_1_2' title="bbox 249 460 2470 4246">
     <span class='ocr_line' id='line_1_2' title="bbox 260 460 2450 548; baseline 0.001 -22"><span class='ocrx_word' id='word_1_5' title='bbox 260 474 395 527; x_wconf 86' lang='lat' dir='ltr'><strong>tum</strong></span> <span class='ocrx_word' id='word_1_6' title='bbox 438 460 521 526; x_wconf 79' lang='lat' dir='ltr'><strong>de</strong></span> <span class='ocrx_word' id='word_1_7' title='bbox 544 484 661 526; x_wconf 88' lang='lat' dir='ltr'><strong>suo</strong></span> <span class='ocrx_word' id='word_1_8' title='bbox 696 473 1034 547; x_wconf 78' lang='lat' dir='ltr'><strong>sumptum,</strong></span> <span class='ocrx_word' id='word_1_9' title='bbox 1078 462 1444 545; x_wconf 82' lang='lat' dir='ltr'><strong>imperatore</strong></span> <span class='ocrx_word' id='word_1_10' title='bbox 1468 463 1615 525; x_wconf 85' lang='lat' dir='ltr'><strong>vivo</strong></span> <span class='ocrx_word' id='word_1_11' title='bbox 1658 472 2045 548; x_wconf 67' lang='lat' dir='ltr'><strong>mortumque,</strong></span> <span class='ocrx_word' id='word_1_12' title='bbox 2075 466 2313 548; x_wconf 84' lang='lat' dir='ltr'><strong>saepius</strong></span> <span class='ocrx_word' id='word_1_13' title='bbox 2358 467 2450 529; x_wconf 85' lang='lat' dir='ltr'><strong>fe-</strong></span> 
     </span>
     <span class='ocr_line' id='line_1_3' title="bbox 260 561 2450 646; baseline 0 -18"><span class='ocrx_word' id='word_1_14' title='bbox 260 567 345 628; x_wconf 88' lang='lat' dir='ltr'><strong>cit</strong></span> <span class='ocrx_word' id='word_1_15' title='bbox 363 585 385 625; x_wconf 75' lang='grc' dir='ltr'><strong><em>ε</em></strong></span> <span class='ocrx_word' id='word_1_16' title='bbox 444 563 695 627; x_wconf 81' lang='lat' dir='ltr'><strong>castella</strong></span> <span class='ocrx_word' id='word_1_17' title='bbox 739 574 803 641; x_wconf 72' lang='lat' dir='ltr'><strong>et</strong></span> <span class='ocrx_word' id='word_1_18' title='bbox 843 561 1070 646; x_wconf 86' lang='lat' dir='ltr'><strong>oppida</strong></span> <span class='ocrx_word' id='word_1_19' title='bbox 1111 582 1221 624; x_wconf 85' lang='lat' dir='ltr'><strong>sua</strong></span> <span class='ocrx_word' id='word_1_20' title='bbox 1245 564 1506 646; x_wconf 79' lang='lat' dir='ltr'><strong>pecunia</strong></span> <span class='ocrx_word' id='word_1_21' title='bbox 1548 562 1759 625; x_wconf 84' lang='lat' dir='ltr'><strong>refecit</strong></span> <span class='ocrx_word' id='word_1_22' title='bbox 1819 574 1881 626; x_wconf 82' lang='lat' dir='ltr'><strong>et</strong></span> <span class='ocrx_word' id='word_1_23' title='bbox 1929 565 2315 644; x_wconf 78' lang='lat' dir='ltr'><strong>instauravit,</strong></span> <span class='ocrx_word' id='word_1_24' title='bbox 2361 567 2450 628; x_wconf 90' lang='lat' dir='ltr'><strong>ei·-</strong></span> 
     </span>
     <span class='ocr_line' id='line_1_4' title="bbox 263 660 2449 747; baseline 0.002 -22"><span class='ocrx_word' id='word_1_25' title='bbox 263 663 526 746; x_wconf 87' lang='lat' dir='ltr'><strong>demque</strong></span> <span class='ocrx_word' id='word_1_26' title='bbox 590 665 944 746; x_wconf 83' lang='lat' dir='ltr'><strong>imperatori</strong></span> <span class='ocrx_word' id='word_1_27' title='bbox 992 660 1174 724; x_wconf 80' lang='lat' dir='ltr'><strong>fimus</strong></span> <span class='ocrx_word' id='word_1_28' title='bbox 1229 662 1671 746; x_wconf 86' lang='lat' dir='ltr'><strong>amplissimum</strong></span> <span class='ocrx_word' id='word_1_29' title='bbox 1717 684 1829 726; x_wconf 83' lang='lat' dir='ltr'><strong>sua</strong></span> <span class='ocrx_word' id='word_1_30' title='bbox 1868 665 2140 747; x_wconf 85' lang='lat' dir='ltr'><strong>impensa</strong></span> <span class='ocrx_word' id='word_1_31' title='bbox 2186 667 2449 729; x_wconf 82' lang='lat' dir='ltr'><strong>curavit.</strong></span> 
     </span>
     <span class='ocr_line' id='line_1_5' title="bbox 261 749 2455 845; baseline 0.001 -22"><span class='ocrx_word' id='word_1_32' title='bbox 261 761 515 825; x_wconf 82' lang='lat' dir='ltr'><strong>Aurum</strong></span> <span class='ocrx_word' id='word_1_33' title='bbox 546 761 713 845; x_wconf 86' lang='lat' dir='ltr'><strong>quod</strong></span> <span class='ocrx_word' id='word_1_34' title='bbox 740 749 973 823; x_wconf 81' lang='lat' dir='ltr'><strong>habere</strong></span> <span class='ocrx_word' id='word_1_35' title='bbox 995 763 1179 843; x_wconf 83' lang='lat' dir='ltr'><strong>gratis</strong></span> <span class='ocrx_word' id='word_1_36' title='bbox 1206 772 1444 843; x_wconf 88' lang='lat' dir='ltr'><strong>poterat</strong></span> <span class='ocrx_word' id='word_1_37' title='bbox 1472 766 1858 845; x_wconf 84' lang='lat' dir='ltr'><strong>contempsit.</strong></span> <span class='ocrx_word' id='word_1_38' title='bbox 1940 764 2120 825; x_wconf 80' lang='lat' dir='ltr'><strong>Pacis</strong></span> <span class='ocrx_word' id='word_1_39' title='bbox 2180 775 2242 825; x_wconf 87' lang='lat' dir='ltr'><strong>et</strong></span> <span class='ocrx_word' id='word_1_40' title='bbox 2302 786 2455 826; x_wconf 89' lang='lat' dir='ltr'><strong>con-</strong></span> 
     </span>
     <span class='ocr_line' id='line_1_6' title="bbox 260 859 2455 945; baseline 0 -20"><span class='ocrx_word' id='word_1_41' title='bbox 260 863 509 925; x_wconf 82' lang='lat' dir='ltr'><strong>cordiae</strong></span> <span class='ocrx_word' id='word_1_42' title='bbox 551 863 689 945; x_wconf 87' lang='lat' dir='ltr'><strong>quis</strong></span> <span class='ocrx_word' id='word_1_43' title='bbox 736 860 849 922; x_wconf 94' lang='lat' dir='ltr'><strong>illo</strong></span> <span class='ocrx_word' id='word_1_44' title='bbox 893 859 1212 944; x_wconf 78' lang='lat' dir='ltr'><strong>cupidior?</strong></span> <span class='ocrx_word' id='word_1_45' title='bbox 1254 862 1411 940; x_wconf 82' lang='lat' dir='ltr'><strong>Quis</strong></span> <span class='ocrx_word' id='word_1_46' title='bbox 1449 861 1730 923; x_wconf 77' lang='lat' dir='ltr'><strong>barbaris</strong></span> <span class='ocrx_word' id='word_1_47' title='bbox 1775 872 1836 922; x_wconf 90' lang='lat' dir='ltr'><strong>et</strong></span> <span class='ocrx_word' id='word_1_48' title='bbox 1876 862 2210 926; x_wconf 80' lang='lat' dir='ltr'><strong>idololatris</strong></span> <span class='ocrx_word' id='word_1_49' title='bbox 2247 864 2455 925; x_wconf 87' lang='lat' dir='ltr'><strong>inimi-</strong></span> 
     </span>
     <span class='ocr_line' id='line_1_7' title="bbox 262 958 2458 1047; baseline 0.001 -23"><span class='ocrx_word' id='word_1_50' title='bbox 262 963 443 1024; x_wconf 78' lang='lat' dir='ltr'><strong>cior?</strong></span> <span class='ocrx_word' id='word_1_51' title='bbox 525 961 671 1039; x_wconf 83' lang='lat' dir='ltr'><strong>Non</strong></span> <span class='ocrx_word' id='word_1_52' title='bbox 697 970 900 1044; x_wconf 84' lang='lat' dir='ltr'><strong>potest</strong></span> <span class='ocrx_word' id='word_1_53' title='bbox 921 982 1036 1044; x_wconf 89' lang='lat' dir='ltr'><strong>pro</strong></span> <span class='ocrx_word' id='word_1_54' title='bbox 1064 959 1359 1044; x_wconf 78' lang='lat' dir='ltr'><strong>dignitate</strong></span> <span class='ocrx_word' id='word_1_55' title='bbox 1384 958 1722 1024; x_wconf 88' lang='lat' dir='ltr'><strong>collaudari</strong></span> <span class='ocrx_word' id='word_1_56' title='bbox 1752 959 1933 1025; x_wconf 90' lang='lat' dir='ltr'><strong>huius</strong></span> <span class='ocrx_word' id='word_1_57' title='bbox 1959 963 2458 1047; x_wconf 77' lang='lat' dir='ltr'><strong>praestantissimi</strong></span> 
     </span>
     <span class='ocr_line' id='line_1_8' title="bbox 259 1058 2460 1145; baseline 0 -22"><span class='ocrx_word' id='word_1_58' title='bbox 259 1061 559 1145; x_wconf 85' lang='lat' dir='ltr'><strong>principis</strong></span> <span class='ocrx_word' id='word_1_59' title='bbox 622 1059 978 1123; x_wconf 87' lang='lat' dir='ltr'><strong>admiranda</strong></span> <span class='ocrx_word' id='word_1_60' title='bbox 1022 1058 1240 1123; x_wconf 88' lang='lat' dir='ltr'><strong>lenitas</strong></span> <span class='ocrx_word' id='word_1_61' title='bbox 1258 1104 1279 1140; x_wconf 89' lang='lat'><strong>,</strong></span> <span class='ocrx_word' id='word_1_62' title='bbox 1333 1071 1396 1123; x_wconf 89' lang='lat' dir='ltr'><strong>et</strong></span> <span class='ocrx_word' id='word_1_63' title='bbox 1458 1060 1541 1123; x_wconf 88' lang='lat' dir='ltr'><strong>ad</strong></span> <span class='ocrx_word' id='word_1_64' title='bbox 1602 1060 2023 1144; x_wconf 84' lang='lat' dir='ltr'><strong>deponendam</strong></span> <span class='ocrx_word' id='word_1_65' title='bbox 2066 1060 2460 1124; x_wconf 86' lang='lat' dir='ltr'><strong>offensionem</strong></span> 
     </span>
     <span class='ocr_line' id='line_1_9' title="bbox 262 1158 2459 1244; baseline -0 -22"><span class='ocrx_word' id='word_1_66' title='bbox 262 1161 634 1244; x_wconf 78' lang='lat' dir='ltr'><strong>veniamque</strong></span> <span class='ocrx_word' id='word_1_67' title='bbox 669 1159 1059 1223; x_wconf 81' lang='lat' dir='ltr'><strong>tribuendam</strong></span> <span class='ocrx_word' id='word_1_68' title='bbox 1097 1159 1479 1243; x_wconf 89' lang='lat' dir='ltr'><strong>suspicienda</strong></span> <span class='ocrx_word' id='word_1_69' title='bbox 1531 1158 1789 1224; x_wconf 80' lang='lat' dir='ltr'><strong>facilitas</strong></span> <span class='ocrx_word' id='word_1_70' title='bbox 1809 1206 1830 1241; x_wconf 99' lang='lat'><strong>,</strong></span> <span class='ocrx_word' id='word_1_71' title='bbox 1893 1160 2324 1223; x_wconf 85' lang='lat' dir='ltr'><strong>beneficiorum</strong></span> <span class='ocrx_word' id='word_1_72' title='bbox 2366 1158 2459 1221; x_wconf 83' lang='lat' dir='ltr'><strong>al-</strong></span> 
     </span>
     <span class='ocr_line' id='line_1_10' title="bbox 262 1258 2458 1344; baseline 0 -22"><span class='ocrx_word' id='word_1_73' title='bbox 262 1260 503 1322; x_wconf 87' lang='lat' dir='ltr'><strong>tissima</strong></span> <span class='ocrx_word' id='word_1_74' title='bbox 531 1258 873 1321; x_wconf 87' lang='lat' dir='ltr'><strong>recordatio</strong></span> <span class='ocrx_word' id='word_1_75' title='bbox 894 1305 915 1339; x_wconf 88' lang='lat'><strong>,</strong></span> <span class='ocrx_word' id='word_1_76' title='bbox 967 1269 1030 1320; x_wconf 90' lang='lat' dir='ltr'><strong>et</strong></span> <span class='ocrx_word' id='word_1_77' title='bbox 1056 1260 1125 1321; x_wconf 89' lang='lat' dir='ltr'><strong>in</strong></span> <span class='ocrx_word' id='word_1_78' title='bbox 1167 1262 1378 1342; x_wconf 80' lang='lat' dir='ltr'><strong>gratiis</strong></span> <span class='ocrx_word' id='word_1_79' title='bbox 1421 1259 1668 1344; x_wconf 75' lang='lat' dir='ltr'><strong>agendis</strong></span> <span class='ocrx_word' id='word_1_80' title='bbox 1710 1260 2240 1323; x_wconf 86' lang='lat' dir='ltr'><strong>commemoranda</strong></span> <span class='ocrx_word' id='word_1_81' title='bbox 2276 1259 2458 1323; x_wconf 90' lang='lat' dir='ltr'><strong>sedu-</strong></span> 
     </span>
     <span class='ocr_line' id='line_1_11' title="bbox 265 1356 2462 1444; baseline 0 -24"><span class='ocrx_word' id='word_1_82' title='bbox 265 1357 431 1427; x_wconf 78' lang='lat' dir='ltr'><strong>litas.</strong></span> <span class='ocrx_word' id='word_1_83' title='bbox 492 1359 724 1421; x_wconf 89' lang='lat' dir='ltr'><strong>Omnia</strong></span> <span class='ocrx_word' id='word_1_84' title='bbox 766 1357 864 1421; x_wconf 85' lang='lat' dir='ltr'><strong>his</strong></span> <span class='ocrx_word' id='word_1_85' title='bbox 886 1356 1059 1423; x_wconf 87' lang='lat' dir='ltr'><strong>libris</strong></span> <span class='ocrx_word' id='word_1_86' title='bbox 1100 1360 1436 1444; x_wconf 79' lang='lat' dir='ltr'><strong>gratiarum</strong></span> <span class='ocrx_word' id='word_1_87' title='bbox 1464 1360 1804 1423; x_wconf 86' lang='lat' dir='ltr'><strong>actionibus</strong></span> <span class='ocrx_word' id='word_1_88' title='bbox 1830 1360 2051 1423; x_wconf 81' lang='lat' dir='ltr'><strong>referta</strong></span> <span class='ocrx_word' id='word_1_89' title='bbox 2078 1371 2237 1423; x_wconf 83' lang='lat' dir='ltr'><strong>sunt.</strong></span> <span class='ocrx_word' id='word_1_90' title='bbox 2277 1360 2462 1422; x_wconf 91' lang='lat' dir='ltr'><strong>Sum-</strong></span> 
     </span>
     <span class='ocr_line' id='line_1_12' title="bbox 264 1458 2461 1545; baseline 0 -25"><span class='ocrx_word' id='word_1_91' title='bbox 264 1477 377 1520; x_wconf 87' lang='lat' dir='ltr'><strong>ma</strong></span> <span class='ocrx_word' id='word_1_92' title='bbox 418 1469 731 1542; x_wconf 85' lang='lat' dir='ltr'><strong>praeterea</strong></span> <span class='ocrx_word' id='word_1_93' title='bbox 776 1460 844 1521; x_wconf 90' lang='lat' dir='ltr'><strong>in</strong></span> <span class='ocrx_word' id='word_1_94' title='bbox 887 1460 1145 1543; x_wconf 77' lang='lat' dir='ltr'><strong>negotiis</strong></span> <span class='ocrx_word' id='word_1_95' title='bbox 1188 1459 1592 1543; x_wconf 72' lang='lat' dir='ltr'><strong>procurandis</strong></span> <span class='ocrx_word' id='word_1_96' title='bbox 1630 1459 1943 1545; x_wconf 79' lang='lat' dir='ltr'><strong>diligentia</strong></span> <span class='ocrx_word' id='word_1_97' title='bbox 1959 1503 1984 1540; x_wconf 87' lang='lat'><strong>,</strong></span> <span class='ocrx_word' id='word_1_98' title='bbox 2034 1471 2100 1522; x_wconf 89' lang='lat' dir='ltr'><strong>et</strong></span> <span class='ocrx_word' id='word_1_99' title='bbox 2121 1458 2461 1543; x_wconf 77' lang='lat' dir='ltr'><strong>vigilantia,</strong></span> 
     </span>
     <span class='ocr_line' id='line_1_13' title="bbox 263 1556 2462 1643; baseline 0 -24"><span class='ocrx_word' id='word_1_100' title='bbox 263 1558 581 1641; x_wconf 83' lang='lat' dir='ltr'><strong>animique</strong></span> <span class='ocrx_word' id='word_1_101' title='bbox 604 1556 842 1642; x_wconf 82' lang='lat' dir='ltr'><strong>religio.</strong></span> <span class='ocrx_word' id='word_1_102' title='bbox 887 1556 1378 1621; x_wconf 86' lang='lat' dir='ltr'><strong>Monachismum</strong></span> <span class='ocrx_word' id='word_1_103' title='bbox 1402 1562 1647 1643; x_wconf 89' lang='lat' dir='ltr'><strong>quantis</strong></span> <span class='ocrx_word' id='word_1_104' title='bbox 1671 1561 2033 1642; x_wconf 71' lang='lat' dir='ltr'><strong>praeconiis,</strong></span> <span class='ocrx_word' id='word_1_105' title='bbox 2072 1560 2242 1622; x_wconf 88' lang='lat' dir='ltr'><strong>Deus</strong></span> <span class='ocrx_word' id='word_1_106' title='bbox 2275 1558 2462 1638; x_wconf 88' lang='lat' dir='ltr'><strong>bone,</strong></span> 
     </span>
     <span class='ocr_line' id='line_1_14' title="bbox 266 1656 2464 1745; baseline 0.002 -27"><span class='ocrx_word' id='word_1_107' title='bbox 266 1667 339 1719; x_wconf 82' lang='lat' dir='ltr'><strong>et</strong></span> <span class='ocrx_word' id='word_1_108' title='bbox 366 1656 608 1741; x_wconf 87' lang='lat' dir='ltr'><strong>quidem</strong></span> <span class='ocrx_word' id='word_1_109' title='bbox 635 1659 815 1720; x_wconf 84' lang='lat' dir='ltr'><strong>toties</strong></span> <span class='ocrx_word' id='word_1_110' title='bbox 832 1702 853 1738; x_wconf 92' lang='lat'><strong>,</strong></span> <span class='ocrx_word' id='word_1_111' title='bbox 908 1656 1264 1721; x_wconf 77' lang='lat' dir='ltr'><strong>cohonestat</strong></span> <span class='ocrx_word' id='word_1_112' title='bbox 1281 1664 1313 1719; x_wconf 67' lang='grc' dir='ltr'><strong>’ἒ</strong></span> <span class='ocrx_word' id='word_1_113' title='bbox 1373 1680 1445 1720; x_wconf 88' lang='lat' dir='ltr'><strong>ac</strong></span> <span class='ocrx_word' id='word_1_114' title='bbox 1471 1659 1719 1720; x_wconf 82' lang='lat' dir='ltr'><strong>tandem</strong></span> <span class='ocrx_word' id='word_1_115' title='bbox 1764 1661 1893 1745; x_wconf 85' lang='lat' dir='ltr'><strong>ipse</strong></span> <span class='ocrx_word' id='word_1_116' title='bbox 1938 1662 2004 1723; x_wconf 89' lang='lat' dir='ltr'><strong>in</strong></span> <span class='ocrx_word' id='word_1_117' title='bbox 2049 1660 2464 1743; x_wconf 81' lang='lat' dir='ltr'><strong>Manganense</strong></span> 
     </span>
     <span class='ocr_line' id='line_1_15' title="bbox 256 1744 2464 1842; baseline 0.001 -23"><span class='ocrx_word' id='word_1_118' title='bbox 256 1744 697 1820; x_wconf 84' lang='lat' dir='ltr'><strong>monasterium</strong></span> <span class='ocrx_word' id='word_1_119' title='bbox 726 1778 923 1840; x_wconf 86' lang='lat' dir='ltr'><strong>prope</strong></span> <span class='ocrx_word' id='word_1_120' title='bbox 950 1757 1543 1842; x_wconf 75' lang='lat' dir='ltr'><strong>Constantinopolim</strong></span> <span class='ocrx_word' id='word_1_121' title='bbox 1579 1780 1645 1820; x_wconf 86' lang='lat' dir='ltr'><strong>se</strong></span> <span class='ocrx_word' id='word_1_122' title='bbox 1695 1757 1860 1820; x_wconf 88' lang='lat' dir='ltr'><strong>ultro</strong></span> <span class='ocrx_word' id='word_1_123' title='bbox 1931 1780 2004 1821; x_wconf 90' lang='lat' dir='ltr'><strong>ae</strong></span> <span class='ocrx_word' id='word_1_124' title='bbox 2048 1758 2242 1822; x_wconf 88' lang='lat' dir='ltr'><strong>libens</strong></span> <span class='ocrx_word' id='word_1_125' title='bbox 2267 1758 2464 1823; x_wconf 87' lang='lat' dir='ltr'><strong>inclu-</strong></span> 
     </span>
     <span class='ocr_line' id='line_1_16' title="bbox 257 1855 2467 1941; baseline 0.001 -23"><span class='ocrx_word' id='word_1_126' title='bbox 257 1855 395 1935; x_wconf 79' lang='lat' dir='ltr'><strong>dit,</strong></span> <span class='ocrx_word' id='word_1_127' title='bbox 452 1878 595 1920; x_wconf 85' lang='lat' dir='ltr'><strong>cum</strong></span> <span class='ocrx_word' id='word_1_128' title='bbox 628 1859 963 1941; x_wconf 84' lang='lat' dir='ltr'><strong>imperium</strong></span> <span class='ocrx_word' id='word_1_129' title='bbox 990 1859 1254 1921; x_wconf 72' lang='lat' dir='ltr'><strong>retinere</strong></span> <span class='ocrx_word' id='word_1_130' title='bbox 1280 1860 1604 1941; x_wconf 85' lang='lat' dir='ltr'><strong>potuisset,</strong></span> <span class='ocrx_word' id='word_1_131' title='bbox 1646 1869 1718 1920; x_wconf 93' lang='lat' dir='ltr'><strong>ut</strong></span> <span class='ocrx_word' id='word_1_132' title='bbox 1755 1858 1991 1921; x_wconf 78' lang='lat' dir='ltr'><strong>videbis</strong></span> <span class='ocrx_word' id='word_1_133' title='bbox 2019 1858 2128 1920; x_wconf 85' lang='lat' dir='ltr'><strong>lib.</strong></span> <span class='ocrx_word' id='word_1_134' title='bbox 2155 1857 2217 1939; x_wconf 74' lang='grc'><strong>4.</strong></span> <span class='ocrx_word' id='word_1_135' title='bbox 2297 1858 2467 1921; x_wconf 83' lang='lat' dir='ltr'><strong>Tan-</strong></span> 
     </span>
     <span class='ocr_line' id='line_1_17' title="bbox 257 1955 2458 2041; baseline 0 -23"><span class='ocrx_word' id='word_1_136' title='bbox 257 1967 397 2018; x_wconf 88' lang='lat' dir='ltr'><strong>tum</strong></span> <span class='ocrx_word' id='word_1_137' title='bbox 422 1956 597 2020; x_wconf 87' lang='lat' dir='ltr'><strong>abest</strong></span> <span class='ocrx_word' id='word_1_138' title='bbox 613 2000 634 2036; x_wconf 91' lang='lat'><strong>,</strong></span> <span class='ocrx_word' id='word_1_139' title='bbox 689 1967 762 2020; x_wconf 92' lang='lat' dir='ltr'><strong>ut</strong></span> <span class='ocrx_word' id='word_1_140' title='bbox 804 1978 878 2019; x_wconf 92' lang='lat' dir='ltr'><strong>eo</strong></span> <span class='ocrx_word' id='word_1_141' title='bbox 918 1960 1121 2041; x_wconf 88' lang='lat' dir='ltr'><strong>ipsum</strong></span> <span class='ocrx_word' id='word_1_142' title='bbox 1167 1959 1426 2019; x_wconf 86' lang='lat' dir='ltr'><strong>Ioannes</strong></span> <span class='ocrx_word' id='word_1_143' title='bbox 1457 1955 1859 2041; x_wconf 77' lang='lat' dir='ltr'><strong>Palaeologus</strong></span> <span class='ocrx_word' id='word_1_144' title='bbox 1902 1960 2100 2020; x_wconf 82' lang='lat' dir='ltr'><strong>victor</strong></span> <span class='ocrx_word' id='word_1_145' title='bbox 2144 1955 2458 2040; x_wconf 85' lang='lat' dir='ltr'><strong>compule-</strong></span> 
     </span>
     <span class='ocr_line' id='line_1_18' title="bbox 260 2056 2468 2142; baseline 0 -24"><span class='ocrx_word' id='word_1_146' title='bbox 260 2057 349 2118; x_wconf 82' lang='lat' dir='ltr'><strong>tit</strong></span> <span class='ocrx_word' id='word_1_147' title='bbox 368 2100 391 2135; x_wconf 90' lang='lat'>‚</span> <span class='ocrx_word' id='word_1_148' title='bbox 449 2056 619 2140; x_wconf 91' lang='lat' dir='ltr'><strong>quod</strong></span> <span class='ocrx_word' id='word_1_149' title='bbox 661 2056 913 2142; x_wconf 90' lang='lat' dir='ltr'><strong>quidam</strong></span> <span class='ocrx_word' id='word_1_150' title='bbox 962 2057 1146 2120; x_wconf 89' lang='lat' dir='ltr'><strong>huius</strong></span> <span class='ocrx_word' id='word_1_151' title='bbox 1189 2069 1437 2120; x_wconf 83' lang='lat' dir='ltr'><strong>nostrae</strong></span> <span class='ocrx_word' id='word_1_152' title='bbox 1479 2056 1768 2120; x_wconf 84' lang='lat' dir='ltr'><strong>historiae</strong></span> <span class='ocrx_word' id='word_1_153' title='bbox 1806 2057 2084 2120; x_wconf 80' lang='lat' dir='ltr'><strong>funditus</strong></span> <span class='ocrx_word' id='word_1_154' title='bbox 2125 2058 2324 2141; x_wconf 82' lang='lat' dir='ltr'><strong>ignari</strong></span> <span class='ocrx_word' id='word_1_155' title='bbox 2351 2078 2468 2119; x_wconf 91' lang='lat' dir='ltr'><strong>nu-</strong></span> 
     </span>
     <span class='ocr_line' id='line_1_19' title="bbox 265 2156 2470 2241; baseline 0 -21"><span class='ocrx_word' id='word_1_156' title='bbox 265 2168 512 2239; x_wconf 78' lang='lat' dir='ltr'><strong>gantur.</strong></span> <span class='ocrx_word' id='word_1_157' title='bbox 595 2159 831 2221; x_wconf 86' lang='lat' dir='ltr'><strong>Coniux</strong></span> <span class='ocrx_word' id='word_1_158' title='bbox 858 2179 1044 2241; x_wconf 86' lang='lat' dir='ltr'><strong>porro</strong></span> <span class='ocrx_word' id='word_1_159' title='bbox 1069 2158 1248 2220; x_wconf 86' lang='lat' dir='ltr'><strong>Irene</strong></span> <span class='ocrx_word' id='word_1_160' title='bbox 1275 2160 1341 2219; x_wconf 90' lang='lat' dir='ltr'><strong>in</strong></span> <span class='ocrx_word' id='word_1_161' title='bbox 1374 2159 1767 2235; x_wconf 77' lang='lat' dir='ltr'><strong>monasterio,</strong></span> <span class='ocrx_word' id='word_1_162' title='bbox 1798 2179 1835 2220; x_wconf 92' lang='lat' dir='ltr'><strong>a</strong></span> <span class='ocrx_word' id='word_1_163' title='bbox 1864 2157 2112 2221; x_wconf 83' lang='lat' dir='ltr'><strong>Martha</strong></span> <span class='ocrx_word' id='word_1_164' title='bbox 2154 2156 2470 2220; x_wconf 80' lang='lat' dir='ltr'><strong>Michaelis</strong></span> 
     </span>
     <span class='ocr_line' id='line_1_20' title="bbox 260 2246 2455 2341; baseline 0 -22"><span class='ocrx_word' id='word_1_165' title='bbox 260 2258 447 2339; x_wconf 87' lang='lat' dir='ltr'><strong>primi</strong></span> <span class='ocrx_word' id='word_1_166' title='bbox 492 2255 844 2341; x_wconf 82' lang='lat' dir='ltr'><strong>Palaeologi</strong></span> <span class='ocrx_word' id='word_1_167' title='bbox 887 2278 1096 2319; x_wconf 87' lang='lat' dir='ltr'><strong>sorore</strong></span> <span class='ocrx_word' id='word_1_168' title='bbox 1137 2267 1484 2320; x_wconf 88' lang='lat' dir='ltr'><strong>constructo</strong></span> <span class='ocrx_word' id='word_1_169' title='bbox 1511 2300 1530 2337; x_wconf 93' lang='lat'><strong>,</strong></span> <span class='ocrx_word' id='word_1_170' title='bbox 1587 2257 1950 2320; x_wconf 86' lang='lat' dir='ltr'><strong>monacham</strong></span> <span class='ocrx_word' id='word_1_171' title='bbox 1987 2257 2209 2326; x_wconf 82' lang='lat' dir='ltr'><strong>induit.</strong></span> <span class='ocrx_word' id='word_1_172' title='bbox 2282 2246 2455 2320; x_wconf 72' lang='lat' dir='ltr'>‘1³oe-</span> 
     </span>
     <span class='ocr_line' id='line_1_21' title="bbox 254 2347 2455 2441; baseline 0 -24"><span class='ocrx_word' id='word_1_173' title='bbox 254 2349 471 2434; x_wconf 70' lang='grc' dir='ltr'><strong><em>μαίων</em></strong></span> <span class='ocrx_word' id='word_1_174' title='bbox 511 2367 585 2420; x_wconf 88' lang='lat' dir='ltr'><strong>tu</strong></span> <span class='ocrx_word' id='word_1_175' title='bbox 643 2357 889 2441; x_wconf 86' lang='lat' dir='ltr'><strong>quidem</strong></span> <span class='ocrx_word' id='word_1_176' title='bbox 910 2402 931 2436; x_wconf 92' lang='lat'><strong>,</strong></span> <span class='ocrx_word' id='word_1_177' title='bbox 986 2347 1129 2420; x_wconf 73' lang='grc' dir='ltr'><strong>ἄλλ’</strong></span> <span class='ocrx_word' id='word_1_178' title='bbox 1172 2353 1252 2418; x_wconf 76' lang='grc' dir='ltr'><strong>οὕ</strong></span> <span class='ocrx_word' id='word_1_179' title='bbox 1301 2349 1671 2436; x_wconf 72' lang='grc' dir='ltr'><strong>Ῥωμαϊκὸν</strong></span> <span class='ocrx_word' id='word_1_180' title='bbox 1701 2357 1969 2437; x_wconf 79' lang='grc' dir='ltr'><strong><em>βασιλέα</em></strong></span> <span class='ocrx_word' id='word_1_181' title='bbox 1984 2400 2009 2437; x_wconf 87' lang='lat'><strong>,</strong></span> <span class='ocrx_word' id='word_1_182' title='bbox 2049 2355 2261 2420; x_wconf 86' lang='lat' dir='ltr'><strong>laudas</strong></span> <span class='ocrx_word' id='word_1_183' title='bbox 2279 2398 2300 2436; x_wconf 83' lang='lat'><strong>,</strong></span> <span class='ocrx_word' id='word_1_184' title='bbox 2355 2358 2455 2417; x_wconf 90' lang='lat' dir='ltr'><strong>in-</strong></span> 
     </span>
     <span class='ocr_line' id='line_1_22' title="bbox 263 2454 2453 2542; baseline 0 -23"><span class='ocrx_word' id='word_1_185' title='bbox 263 2458 428 2538; x_wconf 82' lang='lat' dir='ltr'><strong>quis.</strong></span> <span class='ocrx_word' id='word_1_186' title='bbox 517 2458 657 2542; x_wconf 76' lang='lat' dir='ltr'><strong>Ego</strong></span> <span class='ocrx_word' id='word_1_187' title='bbox 688 2479 835 2521; x_wconf 82' lang='lat' dir='ltr'><strong>vero</strong></span> <span class='ocrx_word' id='word_1_188' title='bbox 860 2460 1046 2522; x_wconf 86' lang='lat' dir='ltr'><strong>etiam</strong></span> <span class='ocrx_word' id='word_1_189' title='bbox 1081 2455 1423 2542; x_wconf 75' lang='lat' dir='ltr'><strong>Agesilaos,</strong></span> <span class='ocrx_word' id='word_1_190' title='bbox 1466 2454 1888 2537; x_wconf 80' lang='lat' dir='ltr'><strong>Alexandros,</strong></span> <span class='ocrx_word' id='word_1_191' title='bbox 1920 2455 2133 2539; x_wconf 82' lang='lat' dir='ltr'><strong>Iulios,</strong></span> <span class='ocrx_word' id='word_1_192' title='bbox 2172 2468 2235 2521; x_wconf 89' lang='lat' dir='ltr'><strong>et</strong></span> <span class='ocrx_word' id='word_1_193' title='bbox 2261 2455 2453 2520; x_wconf 88' lang='lat' dir='ltr'><strong>Pom-</strong></span> 
     </span>
     <span class='ocr_line' id='line_1_23' title="bbox 254 2555 2455 2640; baseline 0.001 -21"><span class='ocrx_word' id='word_1_194' title='bbox 254 2557 429 2639; x_wconf 83' lang='lat' dir='ltr'><strong>peios</strong></span> <span class='ocrx_word' id='word_1_195' title='bbox 452 2601 473 2640; x_wconf 88' lang='lat'>‚</span> <span class='ocrx_word' id='word_1_196' title='bbox 525 2557 798 2622; x_wconf 84' lang='lat' dir='ltr'><strong>ethnicos</strong></span> <span class='ocrx_word' id='word_1_197' title='bbox 846 2569 909 2620; x_wconf 86' lang='lat' dir='ltr'><strong>et</strong></span> <span class='ocrx_word' id='word_1_198' title='bbox 954 2555 1305 2620; x_wconf 82' lang='lat' dir='ltr'><strong>idololatras</strong></span> <span class='ocrx_word' id='word_1_199' title='bbox 1324 2602 1345 2640; x_wconf 87' lang='lat'><strong>,</strong></span> <span class='ocrx_word' id='word_1_200' title='bbox 1391 2578 1572 2640; x_wconf 83' lang='lat' dir='ltr'><strong>saepe</strong></span> <span class='ocrx_word' id='word_1_201' title='bbox 1609 2556 1853 2619; x_wconf 81' lang='lat' dir='ltr'><strong>laudavi</strong></span> <span class='ocrx_word' id='word_1_202' title='bbox 1873 2579 1892 2618; x_wconf 73' lang='grc' dir='ltr'><strong>ε</strong></span> <span class='ocrx_word' id='word_1_203' title='bbox 1942 2567 2004 2620; x_wconf 86' lang='lat' dir='ltr'><strong>et</strong></span> <span class='ocrx_word' id='word_1_204' title='bbox 2029 2559 2318 2621; x_wconf 79' lang='lat' dir='ltr'><strong>virtutem</strong></span> <span class='ocrx_word' id='word_1_205' title='bbox 2355 2557 2455 2622; x_wconf 82' lang='lat' dir='ltr'><strong>vel</strong></span> 
     </span>
     <span class='ocr_line' id='line_1_24' title="bbox 253 2655 2453 2743; baseline 0 -26"><span class='ocrx_word' id='word_1_206' title='bbox 253 2657 326 2717; x_wconf 86' lang='lat' dir='ltr'><strong>in</strong></span> <span class='ocrx_word' id='word_1_207' title='bbox 376 2655 558 2727; x_wconf 70' lang='lat' dir='ltr'><strong>hoste</strong></span> <span class='ocrx_word' id='word_1_208' title='bbox 600 2657 925 2722; x_wconf 80' lang='lat' dir='ltr'><strong>amabilem</strong></span> <span class='ocrx_word' id='word_1_209' title='bbox 945 2702 966 2740; x_wconf 89' lang='lat'><strong>,</strong></span> <span class='ocrx_word' id='word_1_210' title='bbox 1019 2659 1267 2742; x_wconf 82' lang='lat' dir='ltr'><strong>eiusque</strong></span> <span class='ocrx_word' id='word_1_211' title='bbox 1308 2655 1581 2740; x_wconf 84' lang='lat' dir='ltr'><strong>exempla</strong></span> <span class='ocrx_word' id='word_1_212' title='bbox 1621 2678 1661 2719; x_wconf 88' lang='lat' dir='ltr'><strong>a</strong></span> <span class='ocrx_word' id='word_1_213' title='bbox 1697 2678 2061 2743; x_wconf 91' lang='lat' dir='ltr'><strong>quocunque</strong></span> <span class='ocrx_word' id='word_1_214' title='bbox 2079 2702 2104 2737; x_wconf 89' lang='lat'><strong>,</strong></span> <span class='ocrx_word' id='word_1_215' title='bbox 2146 2669 2209 2721; x_wconf 91' lang='lat' dir='ltr'><strong>et</strong></span> <span class='ocrx_word' id='word_1_216' title='bbox 2253 2655 2453 2741; x_wconf 88' lang='lat' dir='ltr'><strong>quali-</strong></span> 
     </span>
     <span class='ocr_line' id='line_1_25' title="bbox 253 2756 2452 2841; baseline 0.001 -23"><span class='ocrx_word' id='word_1_217' title='bbox 253 2775 501 2841; x_wconf 83' lang='lat' dir='ltr'><strong>cunque</strong></span> <span class='ocrx_word' id='word_1_218' title='bbox 524 2758 820 2821; x_wconf 86' lang='lat' dir='ltr'><strong>sumenda</strong></span> <span class='ocrx_word' id='word_1_219' title='bbox 843 2757 1020 2820; x_wconf 88' lang='lat' dir='ltr'><strong>nobis</strong></span> <span class='ocrx_word' id='word_1_220' title='bbox 1047 2778 1178 2821; x_wconf 88' lang='lat' dir='ltr'><strong>esse</strong></span> <span class='ocrx_word' id='word_1_221' title='bbox 1218 2758 1538 2820; x_wconf 83' lang='lat' dir='ltr'><strong>confirmo.</strong></span> <span class='ocrx_word' id='word_1_222' title='bbox 1620 2756 1734 2819; x_wconf 89' lang='lat' dir='ltr'><strong>Est</strong></span> <span class='ocrx_word' id='word_1_223' title='bbox 1760 2759 1922 2820; x_wconf 88' lang='lat' dir='ltr'><strong>enim</strong></span> <span class='ocrx_word' id='word_1_224' title='bbox 1950 2756 2161 2820; x_wconf 89' lang='lat' dir='ltr'><strong>eadem</strong></span> <span class='ocrx_word' id='word_1_225' title='bbox 2185 2778 2452 2841; x_wconf 86' lang='lat' dir='ltr'><strong>semper,</strong></span> 
     </span>
     <span class='ocr_line' id='line_1_26' title="bbox 250 2856 2449 2941; baseline 0.001 -24"><span class='ocrx_word' id='word_1_226' title='bbox 250 2875 368 2917; x_wconf 86' lang='lat' dir='ltr'><strong>nee</strong></span> <span class='ocrx_word' id='word_1_227' title='bbox 427 2857 559 2920; x_wconf 87' lang='lat' dir='ltr'><strong>eius</strong></span> <span class='ocrx_word' id='word_1_228' title='bbox 602 2856 888 2941; x_wconf 78' lang='lat' dir='ltr'><strong>splendor</strong></span> <span class='ocrx_word' id='word_1_229' title='bbox 929 2856 1290 2920; x_wconf 78' lang='lat' dir='ltr'><strong>immortalis</strong></span> <span class='ocrx_word' id='word_1_230' title='bbox 1336 2859 1694 2941; x_wconf 86' lang='lat' dir='ltr'><strong>cuiusquam</strong></span> <span class='ocrx_word' id='word_1_231' title='bbox 1721 2857 2002 2920; x_wconf 85' lang='lat' dir='ltr'><strong>sordibus</strong></span> <span class='ocrx_word' id='word_1_232' title='bbox 2028 2867 2228 2940; x_wconf 86' lang='lat' dir='ltr'><strong>potest</strong></span> <span class='ocrx_word' id='word_1_233' title='bbox 2268 2856 2449 2919; x_wconf 85' lang='lat' dir='ltr'><strong>obso-</strong></span> 
     </span>
     <span class='ocr_line' id='line_1_27' title="bbox 424 3055 2448 3141; baseline 0.002 -23"><span class='ocrx_word' id='word_1_234' title='bbox 424 3055 788 3120; x_wconf 88' lang='lat' dir='ltr'><strong>Incredibile</strong></span> <span class='ocrx_word' id='word_1_235' title='bbox 816 3069 1157 3121; x_wconf 89' lang='lat' dir='ltr'><strong>memoratu</strong></span> <span class='ocrx_word' id='word_1_236' title='bbox 1201 3068 1293 3120; x_wconf 87' lang='lat' dir='ltr'><strong>est</strong></span> <span class='ocrx_word' id='word_1_237' title='bbox 1315 3102 1335 3138; x_wconf 88' lang='lat'><strong>,</strong></span> <span class='ocrx_word' id='word_1_238' title='bbox 1358 3067 1623 3141; x_wconf 80' lang='lat' dir='ltr'><strong>quantae</strong></span> <span class='ocrx_word' id='word_1_239' title='bbox 1665 3058 1794 3119; x_wconf 90' lang='lat' dir='ltr'><strong>eius</strong></span> <span class='ocrx_word' id='word_1_240' title='bbox 1821 3057 2075 3140; x_wconf 88' lang='lat' dir='ltr'><strong>copiae,</strong></span> <span class='ocrx_word' id='word_1_241' title='bbox 2106 3055 2448 3136; x_wconf 78' lang='lat' dir='ltr'><strong>facultates,</strong></span> 
     </span>
     <span class='ocr_line' id='line_1_28' title="bbox 252 3148 2450 3241; baseline 0 -22"><span class='ocrx_word' id='word_1_242' title='bbox 252 3158 470 3238; x_wconf 84' lang='lat' dir='ltr'><strong>quanti</strong></span> <span class='ocrx_word' id='word_1_243' title='bbox 515 3159 809 3240; x_wconf 84' lang='lat' dir='ltr'><strong>pecuniae</strong></span> <span class='ocrx_word' id='word_1_244' title='bbox 841 3158 1114 3222; x_wconf 84' lang='lat' dir='ltr'><strong>thesauri</strong></span> <span class='ocrx_word' id='word_1_245' title='bbox 1159 3156 1430 3237; x_wconf 81' lang='lat' dir='ltr'><strong>suerint,</strong></span> <span class='ocrx_word' id='word_1_246' title='bbox 1482 3157 1561 3220; x_wconf 90' lang='lat' dir='ltr'><strong>de</strong></span> <span class='ocrx_word' id='word_1_247' title='bbox 1604 3157 1827 3241; x_wconf 83' lang='lat' dir='ltr'><strong>quibus</strong></span> <span class='ocrx_word' id='word_1_248' title='bbox 1865 3155 2054 3219; x_wconf 81' lang='lat' dir='ltr'><strong>variis</strong></span> <span class='ocrx_word' id='word_1_249' title='bbox 2114 3148 2264 3218; x_wconf 86' lang='lat' dir='ltr'><strong>locis</strong></span> <span class='ocrx_word' id='word_1_250' title='bbox 2319 3159 2450 3241; x_wconf 90' lang='lat' dir='ltr'><strong>ipse</strong></span> 
     </span>
     <span class='ocr_line' id='line_1_29' title="bbox 255 3255 2445 3344; baseline 0 -27"><span class='ocrx_word' id='word_1_251' title='bbox 255 3256 622 3337; x_wconf 79' lang='lat' dir='ltr'><strong>confitetur,</strong></span> <span class='ocrx_word' id='word_1_252' title='bbox 672 3268 735 3319; x_wconf 81' lang='lat' dir='ltr'><strong>et</strong></span> <span class='ocrx_word' id='word_1_253' title='bbox 778 3277 893 3343; x_wconf 76' lang='lat' dir='ltr'><strong>ego</strong></span> <span class='ocrx_word' id='word_1_254' title='bbox 950 3260 1154 3322; x_wconf 84' lang='lat' dir='ltr'><strong>virum</strong></span> <span class='ocrx_word' id='word_1_255' title='bbox 1209 3279 1461 3344; x_wconf 79' lang='lat' dir='ltr'><strong>gravem</strong></span> <span class='ocrx_word' id='word_1_256' title='bbox 1527 3259 1903 3341; x_wconf 83' lang='lat' dir='ltr'><strong>vanitatique</strong></span> <span class='ocrx_word' id='word_1_257' title='bbox 1951 3255 2445 3342; x_wconf 77' lang='lat' dir='ltr'><strong>infensissimum,</strong></span> 
     </span>
     <span class='ocr_line' id='line_1_30' title="bbox 255 3354 2445 3443; baseline 0.001 -26"><span class='ocrx_word' id='word_1_258' title='bbox 255 3355 339 3417; x_wconf 86' lang='lat' dir='ltr'><strong>ad</strong></span> <span class='ocrx_word' id='word_1_259' title='bbox 360 3356 516 3419; x_wconf 87' lang='lat' dir='ltr'><strong>haec</strong></span> <span class='ocrx_word' id='word_1_260' title='bbox 542 3360 727 3420; x_wconf 79' lang='lat' dir='ltr'><strong>etiam</strong></span> <span class='ocrx_word' id='word_1_261' title='bbox 754 3358 1104 3443; x_wconf 77' lang='lat' dir='ltr'><strong>religiosum</strong></span> <span class='ocrx_word' id='word_1_262' title='bbox 1122 3401 1169 3439; x_wconf 89' lang='lat'><strong>,</strong></span> <span class='ocrx_word' id='word_1_263' title='bbox 1162 3360 1433 3422; x_wconf 74' lang='lat' dir='ltr'><strong>mentiri</strong></span> <span class='ocrx_word' id='word_1_264' title='bbox 1457 3379 1585 3421; x_wconf 92' lang='lat' dir='ltr'><strong>non</strong></span> <span class='ocrx_word' id='word_1_265' title='bbox 1609 3368 1785 3441; x_wconf 86' lang='lat' dir='ltr'><strong>puto.</strong></span> <span class='ocrx_word' id='word_1_266' title='bbox 1869 3354 2145 3435; x_wconf 82' lang='lat' dir='ltr'><strong>Insulas,</strong></span> <span class='ocrx_word' id='word_1_267' title='bbox 2193 3355 2445 3440; x_wconf 87' lang='lat' dir='ltr'><strong>oppida,</strong></span> 
     </span>
     <span class='ocr_line' id='line_1_31' title="bbox 254 3454 2443 3543; baseline 0 -26"><span class='ocrx_word' id='word_1_268' title='bbox 254 3454 1381 3543; x_wconf 79' lang='lat' dir='ltr'><strong>eastellainopibussuisrecemet.</strong></span> <span class='ocrx_word' id='word_1_269' title='bbox 1466 3458 2030 3538; x_wconf 86' lang='lat' dir='ltr'><strong>Pecuniamsane,</strong></span> <span class='ocrx_word' id='word_1_270' title='bbox 2085 3457 2443 3541; x_wconf 81' lang='lat' dir='ltr'><strong>quamBy-</strong></span> 
     </span>
     <span class='ocr_line' id='line_1_32' title="bbox 252 3556 2444 3644; baseline 0.001 -28"><span class='ocrx_word' id='word_1_271' title='bbox 252 3557 481 3637; x_wconf 72' lang='lat' dir='ltr'><strong>nntii,</strong></span> <span class='ocrx_word' id='word_1_272' title='bbox 538 3568 601 3621; x_wconf 89' lang='lat' dir='ltr'><strong>et</strong></span> <span class='ocrx_word' id='word_1_273' title='bbox 640 3560 708 3621; x_wconf 89' lang='lat' dir='ltr'><strong>in</strong></span> <span class='ocrx_word' id='word_1_274' title='bbox 754 3558 889 3622; x_wconf 87' lang='lat' dir='ltr'><strong>aliis</strong></span> <span class='ocrx_word' id='word_1_275' title='bbox 929 3559 1188 3624; x_wconf 85' lang='lat' dir='ltr'><strong>urbibus</strong></span> <span class='ocrx_word' id='word_1_276' title='bbox 1228 3581 1340 3644; x_wconf 88' lang='lat' dir='ltr'><strong>per</strong></span> <span class='ocrx_word' id='word_1_277' title='bbox 1379 3560 1712 3624; x_wconf 83' lang='lat' dir='ltr'><strong>Thraciam</strong></span> <span class='ocrx_word' id='word_1_278' title='bbox 1742 3557 1907 3642; x_wconf 87' lang='lat' dir='ltr'><strong>apud</strong></span> <span class='ocrx_word' id='word_1_279' title='bbox 1948 3558 2175 3620; x_wconf 88' lang='lat' dir='ltr'><strong>amicos</strong></span> <span class='ocrx_word' id='word_1_280' title='bbox 2201 3556 2444 3641; x_wconf 78' lang='lat' dir='ltr'><strong>deposi-</strong></span> 
     </span>
     <span class='ocr_line' id='line_1_33' title="bbox 250 3654 2445 3743; baseline 0.001 -28"><span class='ocrx_word' id='word_1_281' title='bbox 250 3663 383 3715; x_wconf 67' lang='lat' dir='ltr'><strong>tam</strong></span> <span class='ocrx_word' id='word_1_282' title='bbox 410 3654 700 3739; x_wconf 88' lang='lat' dir='ltr'><strong>babebat,</strong></span> <span class='ocrx_word' id='word_1_283' title='bbox 742 3679 856 3721; x_wconf 90' lang='lat' dir='ltr'><strong>nec</strong></span> <span class='ocrx_word' id='word_1_284' title='bbox 883 3660 1025 3743; x_wconf 84' lang='lat' dir='ltr'><strong>ipsi,</strong></span> <span class='ocrx_word' id='word_1_285' title='bbox 1075 3662 1184 3743; x_wconf 88' lang='lat' dir='ltr'><strong>qui</strong></span> <span class='ocrx_word' id='word_1_286' title='bbox 1219 3659 1475 3723; x_wconf 85' lang='lat' dir='ltr'><strong>eandem</strong></span> <span class='ocrx_word' id='word_1_287' title='bbox 1502 3660 1923 3743; x_wconf 85' lang='lat' dir='ltr'><strong>diripuerunt,</strong></span> <span class='ocrx_word' id='word_1_288' title='bbox 1974 3658 2229 3737; x_wconf 88' lang='lat' dir='ltr'><strong>inimici,</strong></span> <span class='ocrx_word' id='word_1_289' title='bbox 2258 3677 2445 3739; x_wconf 85' lang='lat' dir='ltr'><strong>quam</strong></span> 
     </span>
     <span class='ocr_line' id='line_1_34' title="bbox 249 3754 2444 3843; baseline 0.002 -27"><span class='ocrx_word' id='word_1_290' title='bbox 249 3772 478 3838; x_wconf 82' lang='lat' dir='ltr'><strong>magna</strong></span> <span class='ocrx_word' id='word_1_291' title='bbox 520 3769 677 3820; x_wconf 80' lang='lat' dir='ltr'><strong>esset</strong></span> <span class='ocrx_word' id='word_1_292' title='bbox 697 3802 717 3838; x_wconf 88' lang='lat'><strong>,</strong></span> <span class='ocrx_word' id='word_1_293' title='bbox 775 3780 893 3843; x_wconf 90' lang='lat' dir='ltr'><strong>pro</strong></span> <span class='ocrx_word' id='word_1_294' title='bbox 936 3770 1107 3821; x_wconf 86' lang='lat' dir='ltr'><strong>certo</strong></span> <span class='ocrx_word' id='word_1_295' title='bbox 1152 3762 1390 3822; x_wconf 84' lang='lat' dir='ltr'><strong>novisse</strong></span> <span class='ocrx_word' id='word_1_296' title='bbox 1434 3770 1785 3843; x_wconf 86' lang='lat' dir='ltr'><strong>potuerunt.</strong></span> <span class='ocrx_word' id='word_1_297' title='bbox 1889 3757 2104 3818; x_wconf 80' lang='lat' dir='ltr'><strong>Tritici</strong></span> <span class='ocrx_word' id='word_1_298' title='bbox 2126 3800 2145 3836; x_wconf 91' lang='lat'><strong>,</strong></span> <span class='ocrx_word' id='word_1_299' title='bbox 2201 3754 2444 3833; x_wconf 81' lang='lat' dir='ltr'><strong>hordei,</strong></span> 
     </span>
     <span class='ocr_line' id='line_1_35' title="bbox 250 3853 2446 3944; baseline 0 -28"><span class='ocrx_word' id='word_1_300' title='bbox 250 3853 542 3938; x_wconf 69' lang='lat' dir='ltr'><strong>fingam,</strong></span> <span class='ocrx_word' id='word_1_301' title='bbox 583 3858 1012 3944; x_wconf 63' lang='lat' dir='ltr'><strong>fluctuumque</strong></span> <span class='ocrx_word' id='word_1_302' title='bbox 1051 3861 1287 3923; x_wconf 81' lang='lat' dir='ltr'><strong>infinita</strong></span> <span class='ocrx_word' id='word_1_303' title='bbox 1329 3860 1420 3923; x_wconf 90' lang='lat' dir='ltr'><strong>illi</strong></span> <span class='ocrx_word' id='word_1_304' title='bbox 1448 3863 1624 3943; x_wconf 87' lang='lat' dir='ltr'><strong>copia</strong></span> <span class='ocrx_word' id='word_1_305' title='bbox 1642 3903 1663 3941; x_wconf 94' lang='lat'><strong>,</strong></span> <span class='ocrx_word' id='word_1_306' title='bbox 1712 3855 2183 3921; x_wconf 82' lang='lat' dir='ltr'><strong>innumerabiles</strong></span> <span class='ocrx_word' id='word_1_307' title='bbox 2223 3858 2446 3919; x_wconf 85' lang='lat' dir='ltr'><strong>acervi.</strong></span> 
     </span>
     <span class='ocr_line' id='line_1_36' title="bbox 250 3950 2446 4046; baseline -0 -28"><span class='ocrx_word' id='word_1_308' title='bbox 250 3950 453 4017; x_wconf 86' lang='lat' dir='ltr'><strong>Boum</strong></span> <span class='ocrx_word' id='word_1_309' title='bbox 522 3958 896 4040; x_wconf 78' lang='lat' dir='ltr'><strong>pascualium</strong></span> <span class='ocrx_word' id='word_1_310' title='bbox 951 3972 1234 4023; x_wconf 89' lang='lat' dir='ltr'><strong>numerat</strong></span> <span class='ocrx_word' id='word_1_311' title='bbox 1279 3962 1550 4046; x_wconf 89' lang='lat' dir='ltr'><strong>quinque</strong></span> <span class='ocrx_word' id='word_1_312' title='bbox 1612 3958 1802 4021; x_wconf 87' lang='lat' dir='ltr'><strong>millia</strong></span> <span class='ocrx_word' id='word_1_313' title='bbox 1824 4002 1845 4040; x_wconf 94' lang='lat'><strong>,</strong></span> <span class='ocrx_word' id='word_1_314' title='bbox 1933 3967 2246 4019; x_wconf 88' lang='lat' dir='ltr'><strong>aratorum</strong></span> <span class='ocrx_word' id='word_1_315' title='bbox 2304 3957 2446 4039; x_wconf 80' lang='lat' dir='ltr'><strong>iuga</strong></span> 
     </span>
     <span class='ocr_line' id='line_1_37' title="bbox 251 4052 2442 4145; baseline 0 -28"><span class='ocrx_word' id='word_1_316' title='bbox 251 4052 424 4117; x_wconf 86' lang='lat' dir='ltr'><strong>mille</strong></span> <span class='ocrx_word' id='word_1_317' title='bbox 442 4099 464 4136; x_wconf 93' lang='lat'><strong>,</strong></span> <span class='ocrx_word' id='word_1_318' title='bbox 512 4078 699 4142; x_wconf 86' lang='lat' dir='ltr'><strong>equas</strong></span> <span class='ocrx_word' id='word_1_319' title='bbox 748 4060 1063 4144; x_wconf 82' lang='lat' dir='ltr'><strong>pascuales</strong></span> <span class='ocrx_word' id='word_1_320' title='bbox 1116 4060 1285 4123; x_wconf 82' lang='lat' dir='ltr'><strong>mille</strong></span> <span class='ocrx_word' id='word_1_321' title='bbox 1333 4062 1693 4145; x_wconf 79' lang='lat' dir='ltr'><strong>quingentas</strong></span> <span class='ocrx_word' id='word_1_322' title='bbox 1722 4104 1743 4138; x_wconf 92' lang='lat'><strong>,</strong></span> <span class='ocrx_word' id='word_1_323' title='bbox 1803 4055 2065 4120; x_wconf 86' lang='lat' dir='ltr'><strong>camelos</strong></span> <span class='ocrx_word' id='word_1_324' title='bbox 2124 4055 2442 4134; x_wconf 87' lang='lat' dir='ltr'><strong>ducentos,</strong></span> 
     </span>
     <span class='ocr_line' id='line_1_38' title="bbox 253 4154 2438 4246; baseline -0.001 -27"><span class='ocrx_word' id='word_1_325' title='bbox 253 4154 456 4219; x_wconf 79' lang='lat' dir='ltr'><strong>mulos</strong></span> <span class='ocrx_word' id='word_1_326' title='bbox 507 4169 805 4223; x_wconf 70' lang='lat' dir='ltr'><strong>trecentos</strong></span> <span class='ocrx_word' id='word_1_327' title='bbox 832 4205 854 4244; x_wconf 91' lang='lat'><strong>,</strong></span> <span class='ocrx_word' id='word_1_328' title='bbox 908 4163 1106 4228; x_wconf 84' lang='lat' dir='ltr'><strong>asinos</strong></span> <span class='ocrx_word' id='word_1_329' title='bbox 1151 4162 1555 4246; x_wconf 77' lang='lat' dir='ltr'><strong>quingentos,</strong></span> <span class='ocrx_word' id='word_1_330' title='bbox 1607 4179 1932 4245; x_wconf 86' lang='lat' dir='ltr'><strong>porcorum</strong></span> <span class='ocrx_word' id='word_1_331' title='bbox 1978 4156 2438 4241; x_wconf 78' lang='lat' dir='ltr'><strong>quinquaginta,</strong></span> 
     </span>
    </p>
   </div>
  </div>
 </body>
</html>
