2982 4913
556 282 714 388 146
1082 292 1093 303 ·
1344 302 1905 373 CANTACUZENI

250 472 379 535 ΑΒ.
401 476 529 531 1322
548 456 706 553 ἦλθε
752 460 1253 549 διαπραξάμενος
1292 461 1454 542 snat,
1506 459 1907 538 ἒπανέζευξεν
1952 453 2045 531 εἷς
2088 452 2557 540 Χαριούπολιν,
2594 455 2706 518 καὶ

541 564 791 632 διέλυσε
824 561 938 647 τήν
970 558 1270 648 στρατιάν
1312 558 1473 644 πλήν
1498 559 1754 642 χιλίων,
1805 555 1920 631 οὕς
1953 554 2249 632 ἐπέταξεν
2282 545 2457 639 αὖτῷ
2494 560 2710 616 συνεῖ-

538 688 665 746 ναι,
719 663 789 727 ἐν
823 660 1091 747 ἡμέραις
1138 649 1358 745 ῥηταῖς
1397 654 1695 732 κελεύσας
1733 651 1926 719 πάλιν
1969 648 2275 737 ἀκλήτους
2310 648 2470 737 πρὸς
2504 647 2707 715 αὐτόν

539 764 922 828 ἐπανελθεῖν.
967 754 999 823 ὅ
1026 757 1256 841 μέντοι
1279 758 1407 821 τῶν
1449 751 1610 819 κατά
1652 750 1768 837 τήν
1799 752 2119 835 Ῥοδόπην
2150 751 2476 836 ἐπαρχιῶν
2507 774 2704 834 στρα-

536 857 716 945 τηγὸς
760 854 1196 940 Παλαιολόγος
1234 853 1270 920 ὅ
1308 855 1504 939 μέγας
1553 849 2112 939 στρατοπεδάρχης
2179 846 2297 925 τὰς
2354 844 2466 912 ὕπ’
2505 844 2745 912 αὗτόν5

541 958 751 1035 πάσας
779 954 991 1032 πόλεις
1035 958 1146 1020 καί
1174 953 1285 1039 τήν
1318 949 1620 1041 στρατιάν
1636 1002 1658 1033 ,
1699 944 1907 1035 ὥσπερ
1952 948 2211 1035 ἔφημεν,
2253 941 2376 1012 άπὸ
2411 949 2526 1010 τοῦ
2558 946 2705 1011 νέου

480 1060 855 1143 Ββασιλέως
918 1052 1075 1141 πρός
1137 1052 1249 1118 τόν
1313 1050 1741 1140 πρεσβύτερον
1816 1043 2210 1132 οἷποστήσας,
2266 1043 2521 1112 πάντων
2584 1046 2709 1125 μὲν

538 1156 764 1240 ἴσχυσε
801 1156 913 1219 καί
952 1150 1065 1229 τὰς
1110 1152 1361 1236 γνώμας
1404 1147 1941 1238 παραστήσασθαι
1999 1146 2109 1211 καί
2163 1148 2249 1237 τῷ
2301 1142 2707 1233 πρεσβυτέρῳ

536 1260 796 1338 βασιλεῖ’
827 1260 1039 1318 πεῖσαι
1074 1256 1427 1338 προσέχειν·
1466 1252 1576 1315 ἕνα
1615 1251 1686 1314 δὲ
1717 1250 1844 1314 τῶν
1876 1244 2000 1312 οἷπό
2042 1248 2157 1310 τοῦ
2176 1245 2454 1313 Δακικοῦ
2480 1246 2709 1329 γένους

536 1352 786 1436 νομάδα
817 1349 1198 1437 Συρμπάνον
1224 1344 1670 1432 ὠνομασμένον
1707 1349 1832 1412 τῶν
1861 1336 2062 1412 ὄντων
2095 1345 2542 1431 ἀποστερήσας,
2601 1338 2794 1412 ὅτιιο

536 1454 626 1539 τῷ
651 1454 768 1541 νέῳ
802 1452 1162 1537 προσέκειτο
1194 1455 1474 1534 βασιλεῖ’,
1517 1453 1777 1525 πολλαῖς
1812 1471 1880 1511 τε
1912 1445 2147 1522 αἰκίαις
2190 1444 2548 1527 ὑποβαλών,
2584 1442 2706 1529 δύο

535 1576 598 1616 τε
633 1551 760 1615 τῶν
807 1547 1077 1614 ὀδόντων
1108 1545 1452 1635 έκριζοόσας
1489 1549 1600 1611 καί
1638 1544 1753 1630 τήν
1789 1541 2059 1631 παρειάν
2092 1541 2490 1618 κατακαύσας
2523 1535 2710 1626 σιδή-

539 1673 666 1739 ρῳ,
708 1648 798 1725 ὥς
829 1647 940 1712 οὐκ
971 1647 1234 1731 ἴσχυσεν
1269 1641 1628 1732 ἀποστῆσαι
1660 1647 1775 1710 τοῦ
1806 1647 1948 1710 νέου
1980 1644 2327 1728 βασιλέως,
2369 1642 2710 1726 καθείρξας

536 1743 706 1831 εἶχεν
744 1744 869 1814 ὕπὸ
909 1754 1158 1824 κλοιοῖς.
1228 1737 1412 1825 οὗτος
1461 1741 1541 1829 δή
1590 1745 1704 1809 τοῦ
1750 1743 2181 1827 δεσμωτηρίου
2232 1741 2371 1807 τότε
2415 1739 2706 1826 διαδρὰς,

537 1849 650 1913 καί
689 1844 956 1924 πολλοὺς
992 1843 1248 1932 ἑτέρους
1293 1840 1933 1931 προσεταιρισάμενος
1961 1839 2243 1923 νομάδας
2277 1836 2504 1923 ψιλούς
2521 1874 2566 1922 ,·
2598 1837 2788 1907 καίι5

533 1950 615 2035 τῇ
653 1943 827 2033 παρὰ
858 1949 972 2012 τοῦ
1018 1944 1162 2009 νέου
1195 1945 1508 2027 βασιλέως
1555 1944 1864 2007 ἐνταυθοῖ
1886 1942 2244 2028 πεμφθείσῃ
2293 1943 2378 2031 τῷ
2412 1944 2707 2004 Παλαιο-

483 2062 526 2114 C
543 2042 705 2136 λόγῳ
746 2052 1040 2127 πολεμεῖν
1088 2043 1405 2124 συμμίξας
1439 2045 1739 2131 στρατιᾷ,
1798 2039 2054 2112 ἐπέθετο
2089 2049 2218 2116 τοῖς
2261 2041 2329 2106 ἐν
2370 2041 2448 2124 τῇ
2479 2033 2705 2103 ’Ῥοδό-

530 2172 641 2233 πῃ.
700 2141 968 2229 δρῶντες
1015 2144 1087 2207 δὲ
1123 2140 1183 2206 οἱ
1223 2144 1292 2206 ἐν
1338 2150 1480 2218 ταῖς
1513 2141 1734 2207 πόλεσι
1767 2140 1915 2217 τούς
1946 2165 2013 2207 τε
2049 2133 2313 2227 ἇγρότας
2345 2139 2708 2218 ἐκπολεμω-

528 2246 758 2320 θέντας
790 2241 1004 2318 αὖτοῖς
1031 2240 1197 2323 ὄμοῧ
1228 2244 1468 2319 πάντας
1506 2239 1620 2305 καὶ
1648 2237 1759 2326 τήν
1799 2237 2100 2327 στρατιὰν
2141 2240 2554 2321 ἐπικειμένην,
2598 2238 2710 2300 καί

446 2353 451 2358 ’
530 2340 846 2418 δείσαντες
886 2339 978 2426 μή
1016 2339 1128 2406 καί
1169 2342 1293 2406 τῶν
1327 2338 1506 2406 ἔνδον
1543 2336 1906 2406 ἀπόλωνται
1950 2337 2462 2419 στασιασάντων,
2499 2361 2788 2420 uera-ao

500 2427 503 2432 ¹
528 2438 826 2523 βαλόντες
871 2440 1250 2528 προσέθεντο
1295 2443 1381 2531 τῷ
1412 2442 1531 2529 νέῳ
1570 2443 1834 2523 βασιλεῖ’.
1879 2442 1991 2505 καί
2019 2439 2326 2525 δήσαντες
2361 2433 2469 2503 τόν
2500 2462 2702 2524 στρα-

526 2537 714 2626 τηγὸν
758 2535 931 2624 εἶχον
964 2542 1033 2606 ἐν
1075 2542 1367 2630 φρουρᾷ,
1411 2531 1602 2625 ἄχρις
1634 2531 1712 2603 ἂν
1741 2536 2116 2621 ὁ·βαο·ιλεὺς
2152 2537 2508 2619 πυθόμενος
2552 2541 2705 2623 περὶ

529 2638 736 2703 αὐτοῦ
768 2642 990 2726 ψῆφον
1025 2640 1258 2727 ἐνέγκῃ.
1316 2631 1506 2703 αὖτοί
1539 2638 1609 2701 δ’
1644 2631 1779 2720 ἅμα
1808 2633 2169 2725 Συρμπάνῳ
2213 2627 2365 2720 ἧκον
2391 2634 2478 2715 ὥς
2514 2641 2703 2718 βασι-

529 2737 682 2821 λέα,
739 2736 799 2803 οἱ
834 2741 956 2822 μὲν
1007 2736 1478 2823 ἀποληψόμενοι
1520 2736 1675 2825 γέρα
1720 2738 1832 2821 τῆς
1868 2735 1959 2813 εἷς
1996 2733 2193 2800 αὕτὸν
2238 2736 2500 2810 ἐννοίας·
2560 2728 2702 2801 ὅσοι

527 2893 612 2947 vit
647 2893 1069 2964 missionemque
1102 2891 1259 2946 dedit
1299 2890 1564 2945 exercitui
1591 2928 1607 2954 ,
1662 2889 1815 2942 mille
1851 2887 1998 2959 apud
2027 2904 2086 2941 se
2113 2888 2381 2943 retentis:
2434 2886 2701 2955 mandans

526 2966 612 3016 uti
664 2965 966 3033 praefinitis
1021 2963 1244 3025 diebus,
1315 2978 1641 3034 quamquam
1695 2977 1806 3012 non
1860 2961 2138 3024 arcessiti,
2191 2977 2373 3011 rursus
2424 2958 2697 3011 adessent.

526 3032 728 3087 Verum
760 3052 985 3105 magnus
1013 3031 1454 3103 stratopedarcha
1500 3031 1865 3100 palaeologus,
1902 3027 2190 3099 Rhodopes
2227 3028 2697 3100 praefecturarum

527 3102 677 3169 dui,
719 3098 959 3158 ereditas*
991 3104 1098 3156 sibi
1138 3103 1296 3156 urbes
1328 3119 1512 3154 omnes
1550 3101 1989 3172 exercitumque,
2045 3109 2107 3152 ut
2146 3117 2308 3170 supra
2345 3098 2688 3152 demonstra-

525 3177 704 3229 vimus
726 3212 744 3237 ,
777 3193 808 3226 a
841 3177 1057 3226 iuniore
1085 3173 1155 3225 ad
1192 3174 1461 3225 seniorem
1495 3175 1878 3242 imperatorem
1906 3178 2149 3224 avertere
2195 3178 2250 3225 et
2273 3169 2343 3221 ad
2386 3168 2552 3222 huius
2588 3169 2694 3222 ob-

527 3243 780 3311 sequium
831 3244 1094 3295 inclinare
1150 3242 1369 3312 potuit:
1440 3257 1610 3293 unum
1663 3250 1845 3292 autem
1896 3241 2172 3311 quendam
2219 3257 2415 3309 genere
2467 3241 2697 3305 Damm,

524 3314 864 3382 pecuarium,
902 3313 1255 3382 Syrmpanum
1280 3314 1519 3374 nomine,
1549 3313 1779 3364 fortunis
1820 3318 2072 3370 exutum,
2122 3310 2272 3381 quod
2312 3312 2502 3379 nepoti
2542 3312 2697 3364 save-

525 3390 640 3442 ret,
692 3391 981 3453 postquam
1020 3399 1182 3453 saepe
1232 3382 1389 3434 illum
1445 3381 1713 3435 fustuario
1756 3382 2045 3444 multavit,
2098 3381 2236 3434 duos
2282 3382 2445 3432 etiam
2498 3379 2694 3434 dentes

525 3452 787 3504 radicitus
824 3455 1061 3504 excussit
1087 3454 1467 3524 maxillamque
1497 3453 1639 3504 ferro
1668 3452 1922 3505 candenti
1966 3449 2291 3504 inurendam
2320 3453 2544 3515 curavit,
2592 3469 2696 3504 nec

528 3538 655 3573 eum
688 3530 867 3574 tamen
890 3540 922 3573 a
951 3522 1060 3574 fide
1092 3533 1452 3576 transversum
1495 3540 1524 3575 a
1562 3540 1652 3575 ere
1699 3523 1909 3586 valuit,
1957 3530 2080 3573 cum
2120 3521 2346 3574 manicis
2398 3523 2458 3573 in
2507 3530 2695 3577 custo-

527 3589 673 3643 diam
709 3592 878 3645 dedit.
953 3592 1086 3645 Inde
1119 3610 1239 3646 cum
1284 3594 1507 3664 aliquan
1549 3610 1580 3644 o
1612 3595 1886 3663 effugisset
1922 3592 2169 3663 aliosque
2210 3600 2491 3662 pastores,
2529 3592 2695 3644 armis

523 3662 860 3716 militaribus
896 3660 1103 3726 nudos,
1141 3681 1333 3733 magno
1366 3662 1474 3714 sibi
1513 3680 1741 3716 numero
1767 3663 2076 3727 ascivisset,
2120 3670 2176 3715 et
2204 3663 2375 3732 copiis
2406 3660 2475 3715 ad
2501 3663 2693 3715 Palae-

525 3733 742 3803 ologum
777 3733 1137 3786 coemendum
1169 3751 1235 3785 eo
1282 3734 1460 3785 missis
1508 3751 1566 3786 se
1618 3734 2031 3797 immiscuisset,
2070 3732 2128 3785 in
2168 3731 2515 3802 Rhodopeios
2551 3734 2696 3785 sere-

524 3801 704 3858 batur.
760 3805 872 3874 Qui
909 3812 1065 3856 erant
1092 3805 1150 3855 in
1191 3803 1428 3873 oppidis,
1466 3806 1750 3857 cernentes
1785 3811 2021 3872 agrestes
2067 3803 2346 3855 universos
2395 3811 2588 3855 eontra
2636 3820 2696 3855 se

525 3876 861 3943 conspiratos
897 3883 953 3927 et
978 3875 1273 3927 instantem
1300 3876 1637 3943 imperatorit
1668 3876 1961 3927 exercitum
1981 3913 1997 3937 ‚
2034 3877 2402 3944 timentesque
2429 3890 2500 3926 ne
2540 3874 2693 3926 inte-

510 3943 669 3995 'stina
718 3944 989 3997 seditione
1030 3947 1263 3999 excitata
1305 3961 1520 4013 pessum
1568 3945 1747 4007 irent,
1794 3951 2120 3997 commutata
2155 3945 2430 3996 sententia
2463 3943 2535 3996 ad
2568 3960 2694 3996 eum

526 4029 586 4065 se
657 4016 1006 4067 contulerunt
1042 4019 1395 4084 vinctumque
1445 4015 1638 4068 ducem
1691 4015 1752 4066 in
1795 4016 2042 4067 custodia
2087 4012 2297 4065 tamdiu
2357 4012 2692 4076 habuerunt,

524 4083 727 4153 quoad,
759 4100 815 4136 re
849 4084 1146 4148 intellecta,
1165 4086 1461 4156 imperator
1488 4083 1559 4137 ‹le
1581 4103 1646 4138 eo
1663 4092 1867 4137 certum
1894 4092 2182 4138 statueret:
2224 4085 2332 4154 ipsi
2368 4101 2491 4137 cum
2506 4084 2692 4151 Syrm-

523 4170 669 4223 pano
696 4154 767 4206 ad
805 4154 962 4205 illum
998 4157 1230 4224 profecti
1263 4162 1424 4221 sunt;
1457 4172 1582 4225 pars
1622 4162 1684 4205 ut
1721 4156 2017 4225 praestitae
2061 4154 2483 4207 benevolentiae
2527 4171 2691 4224 prae·

522 4224 692 4279 mium
735 4223 1155 4297 adipisceretur:
1193 4232 1466 4298 quotquot
1523 4233 1705 4279 autem
1756 4241 1789 4276 a
1831 4226 2048 4280 seniore
2093 4227 2248 4306 prius
2296 4224 2577 4292 fecerant,
2627 4232 2693 4278 ut
2731 4249 2764 4276 ο
