2982 4913
537 235 707 324 228
992 266 1003 275 ·
1158 256 1163 261 ’
1292 250 1859 335 CANTAGUZENI

237 426 373 493 Ax.
395 429 527 500 ¹³²7
543 419 725 499 τοῦτο
763 419 885 498 μὲν
920 411 1035 500 τήν
1066 411 1353 478 ἐναντίαν
1390 399 1432 497 ᾗ
1470 408 1781 496 προσῆκεν
1822 401 2035 490 εἴληχε
2071 399 2280 484 τάξιν,
2334 397 2444 466 καί
2472 396 2558 465 τὰ
2590 402 2722 482 μὲν

368 530 385 545 “
541 516 822 603 ἡμέτερα
862 509 1016 598 ἔργα
1055 514 1171 596 τῆς
1204 511 1520 592 βασιλέως
1559 502 1892 592 ἐξερρύηκε
1928 505 2178 589 μνήμης
2213 502 2567 576 παντελῶς·
2615 494 2724 576 οἷς

548 618 622 681 δὲ
661 611 844 700 ἔργον
880 611 1191 692 ἐπιμελὲς,
1228 608 1400 694 ἡμᾶς
1438 602 1735 691 ἀλλήλοις
1777 603 2247 687 δῖαβάλλοντας,
2288 605 2369 688 τῇ
2399 602 2570 688 κοινῇ
2603 606 2725 664 λυ-

494 712 889 798 Βμαινεσθαι
922 706 1251 792 Ῥωμαίων
1290 707 1701 795 εὐδαιμονίᾳ,
1763 713 1896 780 τοῖς
1934 700 2141 787 λόγοις
2180 701 2495 787 κατάκρας
2532 696 2724 781 ἑάλω,

541 812 617 879 τί
640 810 857 875 λοιπὸν
895 803 940 895 ἢ
1002 804 1254 895 σφόδρα
1291 807 1413 888 μὲν
1454 805 1728 889 ἀλγῆσαι
1768 807 1873 891 ἐφ’
1933 796 2027 879 οἷς
2067 806 2216 887 παρ’
2259 801 2446 877 ἀξίαν
2479 793 2766 883 άτυχῶ,5

544 905 914 995 συγγνώμην
970 909 1043 972 δὲ
1095 901 1255 991 πρὸς
1304 901 1546 989 πατρὸς
1598 901 1711 967 καὶ
1741 906 1868 969 τῶν
1911 903 2225 985 διαβολῶν
2263 900 2446 965 ἕνεκα
2488 901 2732 979 αἰτεῖν,

544 1001 611 1096 ἢ,
653 1008 725 1078 τό
756 1031 827 1093 γε
868 1003 1183 1090 δεύτερον,
1220 999 1498 1086 βάσανον
1530 1004 1643 1067 καὶ
1669 1000 1846 1087 δίκην
1885 1002 1990 1089 ἐφ’
2021 994 2118 1076 οἷς
2156 998 2389 1074 ἀδίκως
2427 998 2739 1083 ἐγκαλοῦ-
2811 1088 2818 1093 ,

547 1132 706 1191 μαις
762 1102 801 1171 ὃ
841 1104 920 1191 δή
965 1103 1076 1168 καὶ
1112 1105 1425 1168 διετέλεσα
1482 1104 1715 1184 ποιοῦν,
1758 1101 1849 1178 εἰς
1886 1095 2222 1186 ἑξηκοστὴν
2259 1098 2443 1184 τήνδε
2482 1097 2740 1183 ἡμέραν

550 1201 594 1294 ἢ
636 1202 747 1271 καὶ
780 1208 1024 1288 μᾶλλον
1061 1197 1413 1288 ὑπαίθριος
1464 1203 1886 1286 ταλαιπωρῶν
1948 1195 2108 1281 μετὰ
2165 1195 2429 1264 τουτωνὶ
2477 1195 2740 1263 πάντων

551 1296 644 1373 ὧν
683 1298 837 1389 ἄγω,
878 1306 947 1369 ἐν
982 1297 1118 1391 ὥρᾳ
1156 1300 1431 1384 μάλιστα
1452 1304 1801 1385 χειμῶνος,
1842 1298 2125 1386 καθάπερ
2173 1296 2250 1384 δή
2290 1295 2427 1365 ἴστε
2465 1296 2579 1362 καί
2617 1292 2823 1362 avi-w

551 1404 670 1471 τοί.
710 1398 790 1489 ἦν
828 1402 948 1485 μὲν
986 1393 1104 1489 οὖν
1146 1397 1485 1485 κράτιστον,
1528 1398 1638 1464 ἐπὶ
1672 1400 1986 1483 βασιλέως
2025 1398 2250 1480 αὐτοῦ,
2287 1397 2598 1483 παρόντος
2628 1395 2744 1462 καὶ
2817 1434 2824 1445 ·

551 1499 947 1589 πατριάρχου
992 1502 1103 1565 καί
1138 1501 1252 1564 τοῦ
1291 1500 1502 1563 κοινοῦ
1542 1500 1670 1562 τῶν
1710 1498 2044 1580 Ῥωμαίων
2083 1493 2318 1574 παντὸς
2329 1548 2349 1579 ,
2411 1500 2743 1561 notak-9021·

491 1601 672 1680 Οτὰς
711 1597 1087 1684 ἀπολογίας,
1141 1601 1223 1665 ἵν’
1265 1591 1309 1683 ἢ
1348 1596 1681 1683 διαφυγών
1720 1593 1834 1673 τάς
1875 1598 2120 1679 αἰτίας,
2162 1599 2322 1662 πᾶσι
2359 1592 2742 1681 καταστήσω

559 1703 872 1789 ἐμφανὲς,
935 1697 1024 1775 ὥς
1062 1693 1402 1783 βιαιότατα
1443 1699 1558 1761 καί
1596 1689 1784 1761 ἄδικα
1838 1696 1962 1761 ὖπό
2004 1699 2127 1762 τῶν
2170 1692 2746 1784 συκοφαντούντων

559 1803 894 1883 ὑπομένω,
934 1794 977 1884 ἢ
1018 1794 1212 1873 ἁλούς
1250 1805 1390 1874 ταῖς
1429 1793 1725 1861 ἁπάντων
1761 1793 2010 1883 ψήφοις
2050 1796 2307 1878 ἀδικῶν,
2354 1796 2583 1880 μηκέτι
2627 1788 2820 1859 δύ-ιό

562 1923 772 1983 νωμαι
808 1894 964 1985 πρὸς
1006 1893 1322 1980 ἀναβολᾲς
1360 1903 1597 1980 χωρεῖν
1634 1896 1791 1981 μηδ’
1823 1893 2044 1982 ἔφεσιν
2085 1898 2322 1981 ζητεῖν,
2379 1893 2466 1971 ὥς
2501 1886 2546 1978 ἢ
2589 1890 2746 1979 πρὸς
2793 1914 2827 1929 ’“

562 1998 755 2083 χάριν
810 1991 854 2081 ἢ
908 1994 1064 2085 πρὸς
1121 1992 1503 2081 φιλονεικίαν
1551 1989 1678 2057 ὗπό
1738 1995 1866 2059 τῶν
1924 1994 2311 2060 δικασάντων
2341 2010 2746 2080 κκαταψηφι-

565 2093 772 2175 afflig,
830 2090 991 2156 ἀλλὰ
1031 2090 1145 2177 τήν
1181 2090 1362 2170 ἀξίαν
1407 2090 1586 2175 δίκην
1626 2092 1721 2155 δάῖ
1736 2137 1755 2155 .
1832 2091 2050 2177 ἐπειδὴ
2092 2094 2164 2158 δὲ
2204 2088 2367 2157 οὕτω
2409 2093 2542 2156 δεῖν
2584 2086 2749 2156 εἶναι

566 2194 840 2278 κέκρικεν
877 2189 913 2255 ὅ
949 2186 1269 2274 βασιλεῦς,
1308 2187 1584 2277 χάριτας
1621 2191 1741 2272 μὲν
1773 2187 2007 2267 πολλάς
2046 2191 2329 2274 ὁμολογῶ
2360 2192 2451 2279 τῷ
2488 2188 2750 2254 πάντων

565 2287 964 2375 βασιλεύοντι
1001 2293 1150 2377 θεῷ,
1194 2284 1297 2353 ὅτι
1336 2286 1560 2387 καιρὸν
1598 2291 1913 2377 παρέσχεν
1957 2292 2331 2375 ἀπολογίας,
2390 2284 2467 2354 οὗ
2467 2316 2517 2374 χ
2555 2281 2822 2375 {fr-torm

571 2391 643 2455 δὲ
674 2394 933 2473 βασιλεῖ
960 2411 1027 2454 τε
1068 2386 1181 2474 καὶ
1212 2387 1573 2478 πατριάρχῃ
1599 2440 1621 2473 ,
1685 2391 1771 2480 τῷ
1805 2392 1928 2473 μὲν
1962 2390 2252 2456 πείσαντι
2290 2387 2404 2477 τήν
2443 2391 2749 2477 ἐξέτασιν,

571 2491 661 2580 ’τῷ
699 2491 773 2557 δὲ
822 2492 1185 2555 *πεισθέντι*
1267 2487 1378 2554 καὶ
1413 2485 1565 2572 ὑμῖν
1605 2497 1737 2566 τοῖς
1788 2485 2181 2577 ἀφιγμένοις,
2234 2494 2414 2556 ἕνεκα
2449 2493 2600 2556 ’τῶν
2643 2489 2753 2555 πό·-

518 2605 757 2660 Βνοον.“
782 2590 1008 2672 δέομαι
1048 2590 1120 2655 δὲ
1159 2586 1377 2673 ὖμῶν,
1415 2587 1509 2676 μή
1551 2587 1640 2666 ὦς
1676 2593 1940 2673 βασιλεῖ
1966 2614 2083 2673 μοι
2121 2594 2452 2680 προσέχειν
2490 2591 2603 2656 ἐπὶ
2644 2591 2753 2675 τῆς

580 2776 711 2850 quia
743 2773 879 2829 haec
910 2792 1083 2840 secus,
1116 2792 1277 2847 quam
1305 2773 1530 2847 dignum
1571 2776 1697 2842 fuit,
1743 2783 2043 2830 evenerunt
2063 2815 2080 2841 ‚
2116 2776 2379 2899 ffuaequej
2414 2776 2651 2832 fecimus
2686 2792 2751 2828 ex

581 2851 764 2900 animo
794 2848 880 2900 avi
917 2849 1137 2916 penitus
1167 2846 1533 2915 effluxerunt3
1572 2863 1806 2919 quorum
1845 2857 2028 2901 autem
2058 2849 2114 2898 in
2158 2858 2325 2900 ustrla
2351 2848 2409 2899 in
2450 2865 2515 2899 eo
2545 2864 2748 2900 consu·

583 2918 768 2979 mitur,
808 2925 870 2970 ut
900 2918 1127 2970 alterum
1150 2927 1395 2970 nostrum
1439 2918 1586 2987 apud
1616 2921 1852 2973 alterum
1889 2919 1948 2969 in
1979 2917 2244 2970 invidiam
2287 2917 2533 2970 vocando
2602 2934 2749 2970 eom-

585 2989 737 3041 muni
776 2990 1131 3042 Romanorum
1166 2988 1419 3040 felicitati
1445 2991 1747 3058 perniciem
1785 2995 2013 3050 struant,
2057 3004 2240 3040 eorum
2267 2988 2568 3040 mendaciis
2598 3006 2750 3058 prot-⁶

585 3075 674 3110 sus
709 3059 950 3109 irretitus
984 3067 1089 3124 εει,
1125 3059 1258 3127 quid
1293 3059 1726 3129 relinquebatur,
1764 3059 1872 3110 nisi
1898 3067 1961 3111 ut
1988 3060 2076 3110 vel
2107 3060 2292 3128 angori
2338 3074 2424 3110 me
2466 3057 2752 3119 dedemm,

583 3129 645 3179 in
683 3128 955 3180 miseriam
993 3130 1260 3180 immerito
1306 3145 1428 3181 meo
1456 3131 1867 3200 praecipitatus,
1900 3131 2226 3200 veniamque
2260 3146 2291 3180 a
2333 3137 2524 3199 patre,
2559 3145 2752 3200 quam-

584 3214 743 3267 quam
772 3199 930 3248 meris
951 3199 1234 3250 calumniis
1262 3207 1624 3269 oppugnatus,
1654 3209 1894 3269 peterem
1913 3196 1940 3248 9
1971 3207 2068 3250 aut
2087 3206 2232 3251 certe
2255 3205 2478 3268 propter
2503 3214 2587 3261 ea,
2620 3212 2751 3271 quae

584 3265 723 3317 mihi
759 3266 898 3317 falso
944 3268 1293 3335 affinguntur,
1341 3285 1568 3322 examen
1617 3287 1680 3323 ac
1721 3266 2028 3322 iudicium?
2063 3267 2227 3339 Quod
2259 3270 2420 3321 etiam
2453 3269 2596 3331 feei,
2647 3272 2752 3320 iam

582 3337 705 3406 plus
741 3338 1123 3405 sexagesimum
1165 3337 1309 3390 diem
1337 3340 1436 3391 sub
1469 3339 1562 3392 dio
1599 3357 1722 3392 eum
1765 3338 1850 3392 his
1889 3338 2160 3403 omnibus,
2188 3356 2322 3410 quos
2358 3339 2525 3402 duco,
2563 3336 2751 3390 hiber-

590 3408 675 3457 nis
712 3405 987 3460 mensibus
1020 3408 1356 3461 incommoda
1387 3411 1699 3479 perferens,
1739 3408 1888 3482 quod
1919 3426 2021 3461 nec
2066 3424 2160 3460 vos
2203 3410 2443 3461 nescitis.
2537 3408 2753 3460 Fuisset

591 3475 855 3544 optimum
879 3513 895 3539 ,
933 3476 1261 3545 imperatore
1281 3517 1295 3542 ‚
1337 3480 1644 3548 patriarcha
1680 3486 1906 3550 totoque
1932 3482 2167 3531 Romano
2196 3480 2402 3549 populo
2445 3476 2751 3549 praesenti-

591 3547 715 3609 bus,
751 3544 1125 3598 defensionem
1150 3550 1523 3618 peragerent
1555 3552 1646 3602 vel
1669 3549 1948 3602 absolutus
1977 3547 2308 3603 declararem
2345 3550 2621 3612 omnibus,
2668 3562 2750 3598 me

597 3615 666 3667 ab
702 3616 819 3668 istis
855 3615 1202 3686 sycophantia
1232 3618 1608 3690 indignissime
1642 3621 1863 3687 violari3
1898 3618 1987 3670 vel
2017 3620 2237 3673 sceleris
2262 3621 2506 3672 omnium
2534 3617 2751 3671 calculis

597 3684 1018 3760 condemnatus,
1063 3704 1177 3738 non
1211 3690 1356 3741 ultra
1388 3691 1795 3759 ampliationem
1832 3706 2146 3762 quaererem
2180 3707 2360 3763 neque
2389 3704 2752 3760 provocarem,

600 3760 755 3826 quasi
789 3774 820 3808 a
852 3757 1127 3810 iudicibus
1157 3766 1254 3811 aut
1281 3758 1351 3811 ad
1387 3762 1614 3830 gratiam
1654 3768 1750 3813 aut
1779 3778 1848 3815 ex
1890 3761 2252 3814 aemulatione
2294 3760 2608 3825 damnatus,
2661 3754 2755 3810 sed

603 3842 738 3895 quas
775 3830 1209 3882 commeruissem
1245 3847 1449 3899 poenas
1473 3831 1809 3884 sustinerem.
1884 3831 1992 3883 Sed
2020 3834 2150 3903 quia
2179 3832 2258 3884 sic
2291 3831 2554 3916 placitum
2571 3833 2753 3897 ,impe-

604 3897 789 3960 ratori,
825 3914 1042 3966 magnas
1068 3900 1446 3954 universorum
1472 3900 1788 3970 imperatori
1816 3901 1953 3965 Deo,
1987 3903 2085 3973 qui
2105 3902 2415 3954 defensioni
2435 3916 2589 3954 meae
2622 3899 2754 3954 hanc

605 3970 1073 4035 opportunitatem
1108 3970 1347 4036 obtulit,
1395 3987 1502 4024 nec
1549 3974 1730 4027 minus
1770 3973 1878 4043 ipsi
1932 3990 2031 4024 avo
2078 3981 2136 4026 et
2170 3969 2510 4044 patriarchae
2564 3970 2751 4040 gratias

605 4052 738 4106 ago:
773 4034 935 4101 huic,
970 4038 1117 4109 quod
1145 4050 1334 4095 auctor
1361 4041 1500 4106 fuit,
1534 4051 1598 4096 nt
1637 4059 1722 4097 res
1741 4044 1802 4096 in
1849 4032 2212 4125 inquisitione
2299 4049 2586 4108 oneretur3
2635 4036 2755 4098 illi,

609 4104 757 4177 quod
780 4105 888 4159 sibi
919 4107 979 4160 id
1014 4125 1200 4178 passus
1231 4119 1316 4165 est
1387 4114 1692 4166 ersuaderi:
1736 4111 1889 4167 vobis
1918 4121 2049 4166 rtem
2070 4150 2086 4177 ‚
2131 4112 2226 4185 qui
2298 4130 2366 4165 uc
2396 4113 2504 4164 iter
2522 4106 2754 4177 suscepi-

610 4176 744 4243 ’ὢν
776 4174 1057 4233 delabere
1088 4189 1281 4239 vestro.
1405 4182 1535 4239 elim
1563 4191 1744 4251 autem
1781 4189 2024 4255 rogatos,
2057 4199 2130 4239 ne
2161 4184 2220 4238 ln
2250 4181 2356 4238 hoe
2380 4179 2588 4238 iudicio
2621 4174 2753 4232 mihi
