2982 4913
518 323 707 384 xxw
1232 296 1235 299 “
1372 322 1421 380 1.
1479 316 1839 383 ΡΟΜΑΝΙ

518 501 645 552 tam
683 488 1006 574 praeclaris
1045 488 1416 552 orationibus
1468 500 1717 572 totaque
1777 488 2099 570 scriptione
2157 508 2225 550 sc
2252 508 2496 551 exerens
2517 534 2538 570 ,
2580 489 2691 552 de-

518 603 840 654 monstrat.
904 591 1064 652 Sane
1089 590 1255 674 quod
1285 592 1373 651 Μ.
1404 588 1646 651 Tullius
1673 590 1751 650 de
1788 589 2084 670 Pompeio
2105 634 2125 667 ,
2169 589 2331 652 idem
2359 611 2471 672 ego
2500 591 2693 651 veris-

519 693 671 753 sime
710 691 788 753 de
824 691 942 752 boc
982 693 1118 753 viro
1140 735 1160 770 ,
1212 693 1419 774 paucis
1476 690 1809 751 immutatis
1834 733 1853 766 ,
1892 709 2289 771 usurpavero.
2379 690 2700 774 Quantum

521 791 829 865 consilio,
894 803 1196 875 quantum
1237 788 1507 851 dIcendi
1552 789 1904 869 gravitate,
1965 799 2028 849 et
2085 789 2273 873 copia
2310 787 2526 853 valeat
2538 832 2566 861 ,
2623 789 2698 849 in

519 911 644 976 quo
685 892 824 975 ipso
869 891 1033 953 inest
1062 890 1376 975 quaedam
1419 887 1699 968 dignitas
1741 888 2198 971 imperatoria,
2251 907 2371 949 vos
2402 908 2492 950 ex
2525 889 2698 951 hisce

517 989 703 1052 libris
753 1010 938 1076 saepe
973 987 1378 1070 cognoscetis.
1461 986 1710 1070 Oppida
1755 984 2111 1068 complura,
2161 1008 2318 1070 quae
2362 990 2549 1049 armis
2593 1010 2696 1051 re-

520 1088 811 1152 sistebant
829 1133 849 1168 ,
911 1091 1036 1152 oris
1078 1091 1172 1152 sui
1201 1087 1481 1150 facundia
1510 1087 1786 1170 subegit:
1851 1097 1924 1148 ut
1965 1086 2131 1169 quod
2186 1086 2422 1171 Cyneas
2464 1085 2701 1171 legatus

519 1187 765 1272 Pyrrho
790 1190 1185 1274 Epirotarum
1212 1190 1366 1272 regi,
1407 1187 1525 1249 hoc
1562 1188 1723 1248 idem
1750 1207 1943 1271 paene
1971 1185 2330 1249 Andronico
2352 1190 2704 1271 imperatori

521 1288 973 1353 Cantacuzenus
1025 1288 1227 1356 tuerit.
1304 1289 1391 1350 Et
1429 1308 1573 1349 cum
1620 1289 1878 1350 oratoris
1925 1288 2004 1350 sit
2043 1286 2362 1350 historiam
2407 1289 2700 1370 scribere,

521 1390 573 1450 si
601 1411 725 1473 qua
750 1389 871 1452 alia
892 1435 913 1470 ,
950 1389 1102 1451 haec
1129 1391 1260 1451 sine
1285 1389 1698 1450 controversia
1725 1389 1991 1449 oratorie
2012 1431 2033 1465 ,
2071 1385 2189 1453 hoc
2217 1398 2308 1449 est
2333 1388 2695 1470 prudenter,

520 1487 809 1571 disposite
828 1534 848 1569 ,
888 1489 1112 1552 diserte
1128 1534 1148 1568 ,
1187 1510 1301 1550 nec
1331 1490 1648 1550 invenuste
1675 1488 1900 1570 scripta
1938 1497 2047 1554 est.
2131 1485 2354 1549 Poetas
2380 1487 2703 1571 diligenter

520 1586 734 1671 legisse
753 1634 774 1670 ,
840 1587 1178 1652 Homerum
1220 1589 1543 1671 praecipue
1610 1598 1672 1649 et
1711 1586 2071 1670 Euripidem
2093 1632 2114 1666 ,
2200 1587 2473 1651 crebrius
2513 1610 2585 1650 ex
2626 1589 2705 1650 iis

520 1686 744 1771 prolati
793 1707 1004 1750 versus
1044 1689 1286 1750 docent.
1371 1687 1699 1749 sacrarum
1739 1685 2084 1748 litterarum
2127 1688 2378 1751 scientia
2420 1709 2547 1750 non
2588 1710 2703 1771 pa-

521 1808 659 1848 rum
686 1787 988 1850 imbutum
1009 1833 1030 1867 ,
1066 1799 1158 1850 tot
1202 1787 1322 1850 loci
1349 1790 1623 1870 apposite
1663 1785 1898 1848 inducti
1944 1798 2304 1868 argumento
2331 1798 2497 1849 sunt.
2579 1788 2702 1849 Sed

519 1887 585 1948 id
614 1909 684 1948 ex
725 1886 898 1951 libris
924 1887 1058 1950 aliis
1087 1886 1214 1949 sole
1258 1886 1480 1949 clarius
1505 1898 1602 1950 est
1623 1930 1643 1965 ,
1685 1907 1840 1971 quos
1884 1905 2104 1968 nempe
2144 1898 2358 1948 contra
2386 1888 2703 1950 Mahome-

517 1998 694 2049 tanos
741 1999 803 2049 et
864 1988 1121 2049 Iudaeos
1196 1986 1406 2053 edidit.
1489 1986 1718 2047 Fertur
1760 1988 2007 2068 insuper
2051 1988 2117 2047 in
2160 1990 2430 2071 quinque
2467 1989 2705 2070 priores

521 2086 857 2148 ethicorum
899 2086 1244 2149 Aristotelis
1287 2078 1702 2168 Paraphrasin
1746 2086 2191 2169 conscripsisse.
2272 2087 2440 2149 Haec
2468 2086 2547 2149 de
2574 2098 2706 2150 stu-

521 2184 637 2248 diis
693 2198 756 2248 et
798 2185 1019 2248 litteris
1063 2187 1218 2255 eius.

681 2286 868 2368 Quod
908 2287 989 2348 ad
1028 2308 1228 2349 mores
1269 2297 1331 2348 et
1356 2286 1613 2349 virtutes
1643 2289 1857 2349 attinet
1875 2332 1896 2368 ,
1937 2287 2258 2349 veritatem
2309 2287 2539 2350 amavit
2570 2330 2591 2366 ,
2632 2299 2708 2350 ut

520 2389 625 2472 qui
668 2389 926 2449 maxime
945 2431 964 2468 ,
1025 2386 1209 2471 idque
1248 2387 1426 2448 toties
1470 2397 1729 2449 testatur
1787 2409 1857 2449 ac
1914 2387 2254 2471 profitetur.
2353 2388 2509 2474 Eius
2557 2409 2708 2471 pru-

521 2488 725 2550 dentia
755 2509 790 2549 e
816 2487 1031 2567 dictis,
1087 2490 1464 2571 maximeque
1491 2510 1527 2548 e
1554 2486 1818 2549 consiliis
1859 2489 2098 2570 egregia
2158 2509 2397 2571 semper
2468 2499 2532 2550 et
2575 2510 2707 2549 me-
2745 2501 2748 2506 “

521 2587 817 2651 moranda
854 2589 1252 2672 perspicitur:
1320 2587 1504 2671 digna
1532 2587 1801 2670 profecto
1823 2631 1843 2664 ,
1885 2590 1984 2648 cui
2051 2585 2150 2648 vel
2193 2591 2391 2651 maius
2428 2591 2710 2651 commit-

518 2700 752 2752 teretur
780 2691 1131 2772 imperium.
1214 2687 1644 2767 Fortitudinis,
1687 2687 2225 2770 magnanimitatis,
2269 2712 2342 2752 ac
2383 2691 2710 2774 patientiae

525 2801 646 2868 est,
705 2790 872 2873 quod
911 2811 1212 2873 nusquam
1256 2789 1446 2852 ferme
1486 2790 1660 2853 abest
1704 2791 1783 2882 ab
1828 2792 2089 2852 exercitu
2107 2835 2127 2871 ,
2172 2812 2483 2874 manuque
2508 2812 2618 2852 sua
2643 2793 2710 2850 in

526 2888 761 2951 bostem
789 2900 1019 2973 pugnat
1048 2888 1304 2952 viriliter
1324 2912 1344 2953 ε
1401 2911 1515 2952 nec
1544 2890 1959 2975 voluptatibus
1987 2890 2261 2974 indulget
2282 2935 2303 2969 ,
2345 2902 2408 2952 et
2443 2890 2714 2953 adversis

525 2989 765 3051 casibus
791 3010 918 3052 non
973 2992 1311 3073 frangitur=
1356 2992 1594 3053 iniuriis
1623 2992 2034 3073 (potissimum
2060 2990 2140 3051 ab
2170 2988 2543 3071 Apocaucho
2562 3034 2583 3068 ,
2612 2991 2710 3050 cui

528 3100 849 3173 tantopere
890 3091 1270 3153 benefecerat
1290 3135 1311 3171 ,
1356 3090 1558 3168 illatis)
1588 3113 1716 3153 non
1758 3091 2096 3153 succumbit
2115 3113 2134 3152 ε
2180 3101 2241 3151 et
2268 3089 2565 3150 invidiam
2607 3109 2711 3150 ae-

529 3210 652 3271 qua
695 3200 899 3252 mente
943 3193 1216 3254 sustinet.
1333 3189 1408 3251 In
1449 3191 1609 3252 bene
1654 3191 1732 3251 de
1777 3212 1842 3253 se
1885 3200 2183 3252 merentes
2226 3211 2385 3251 unus
2432 3190 2707 3250 omnium

533 3290 907 3372 gratissimus
926 3309 946 3350 ε
989 3309 1175 3372 quam
1201 3290 1493 3350 virtutem
1531 3291 1596 3350 in
1639 3290 1774 3352 aliis
1802 3293 1983 3352 etiam
2013 3301 2178 3352 amat
2195 3335 2215 3370 ,
2259 3302 2321 3352 et
2365 3290 2503 3352 ideo
2543 3288 2716 3351 nulla

532 3388 976 3471 propemodum
1004 3389 1226 3472 pagina
1254 3391 1590 3471 gratiarum
1632 3391 1967 3452 actionibus
1996 3401 2191 3452 vacat.
2298 3388 2401 3451 Ad
2430 3388 2715 3450 modera-

532 3488 787 3568 tionem,
830 3491 1384 3572 continentiamque
1411 3491 1700 3572 pertinet,
1754 3491 1921 3574 quod
1948 3492 2186 3573 imperii
2226 3491 2718 3550 communionem

534 3586 650 3647 sibi
678 3587 757 3648 ab
801 3586 1154 3651 Andronico
1182 3592 1363 3651 etiam
1391 3602 1678 3673 quartum
1722 3590 1984 3653 delatam
2002 3635 2022 3669 ,
2082 3601 2335 3657 recusat.
2405 3590 2480 3649 In
2508 3589 2721 3649 amici-

533 3687 622 3747 tia
661 3686 916 3749 colenda
953 3691 1468 3752 constantissimus
1487 3736 1509 3772 ,
1558 3691 1980 3754 Andronicum
2022 3693 2321 3752 minorem
2366 3689 2718 3772 praecipue,

535 3796 598 3847 et
642 3786 970 3850 Amurium
999 3790 1251 3851 Persam
1280 3792 1488 3851 Ioniae
1515 3791 1834 3874 Satrapam
1909 3795 2039 3854 sive
2083 3792 2418 3874 principem
2465 3786 2674 3849 dilexit
2696 3831 2720 3866 ,

537 3885 769 3969 fluitque
811 3891 1078 3951 vicissim
1129 3889 1426 3952 ambobus
1469 3913 1653 3973 supra
1698 3913 1884 3976 quam
1927 3891 2047 3951 dici
2095 3899 2293 3972 potest
2357 3887 2579 3949 charus
2658 3898 2724 3948 et

536 3986 859 4049 iucundus.
945 3989 1171 4051 Dilexit
1210 4012 1353 4052 eum
1397 3994 1581 4052 etiam
1608 3991 1997 4053 vehementer
2025 4011 2061 4051 e
2088 3987 2440 4072 proceribus
2469 3984 2720 4047 Tribal-

539 4084 739 4148 lorum
787 4087 1274 4169 opulentissimus
1315 4092 1566 4174 quidam
1613 4092 1869 4154 Liberus
1890 4138 1907 4169 ,
1976 4101 2045 4152 ut
2090 4100 2179 4152 est
2218 4087 2322 4149 lib.
2353 4088 2411 4152 3.
2441 4085 2578 4169 cap.
2609 4083 2715 4163 42.

541 4185 998 4248 Beneficentiam
1046 4211 1113 4249 ac
1158 4188 1582 4256 liberalitatem
1619 4191 1805 4254 coluit
1844 4189 2201 4253 mirabiliter
2219 4232 2237 4268 ,
2297 4199 2358 4249 et
2401 4190 2463 4248 in
2494 4185 2720 4248 exerci-
