<?xml version="1.0" encoding="UTF-8"?>
<!DOCTYPE html PUBLIC "-//W3C//DTD XHTML 1.0 Transitional//EN"
    "http://www.w3.org/TR/xhtml1/DTD/xhtml1-transitional.dtd">
<html xmlns="http://www.w3.org/1999/xhtml" xml:lang="en" lang="en">
 <head>
  <title>
</title>
<meta http-equiv="Content-Type" content="text/html;charset=utf-8" />
  <meta name='ocr-system' content='tesseract 3.04.00' />
  <meta name='ocr-capabilities' content='ocr_page ocr_carea ocr_par ocr_line ocrx_word'/>
</head>
<body>
  <div class='ocr_page' id='page_1' title='image "./corpusscriptoru14berlgoog_0489.png"; bbox 0 0 2982 4913; ppageno 0'>
   <div class='ocr_carea' id='block_1_1' title="bbox 955 281 2427 387">
    <p class='ocr_par' dir='ltr' id='par_1_1' title="bbox 955 281 2427 387">
     <span class='ocr_line' id='line_1_1' title="bbox 955 281 2427 387; baseline -0.005 -11"><span class='ocrx_word' id='word_1_1' title='bbox 955 307 1538 377; x_wconf 61' lang='lat' dir='ltr'><strong>lum-omnum</strong></span> <span class='ocrx_word' id='word_1_2' title='bbox 1578 315 1658 377; x_wconf 90' lang='lat'><strong><em>11.</em></strong></span> <span class='ocrx_word' id='word_1_3' title='bbox 1700 318 1801 383; x_wconf 78' lang='lat'><strong><em>23.</em></strong></span> <span class='ocrx_word' id='word_1_4' title='bbox 2257 281 2427 387; x_wconf 76' lang='grc'><strong><em>445</em></strong></span> 
     </span>
    </p>
   </div>
   <div class='ocr_carea' id='block_1_2' title="bbox 176 457 2722 2629">
    <p class='ocr_par' dir='ltr' id='par_1_2' title="bbox 176 457 2722 2629">
     <span class='ocr_line' id='line_1_2' title="bbox 269 457 2722 552; baseline -0.004 -15"><span class='ocrx_word' id='word_1_5' title='bbox 269 472 401 537; x_wconf 83' lang='grc' dir='ltr'><strong><em>ουτ’</em></strong></span> <span class='ocrx_word' id='word_1_6' title='bbox 437 461 779 533; x_wconf 67' lang='grc' dir='ltr'><strong><em>ἀδικοῦντα</em></strong></span> <span class='ocrx_word' id='word_1_7' title='bbox 818 464 1154 552; x_wconf 69' lang='grc' dir='ltr'><strong><em>δξαρπιίσω</em></strong></span> <span class='ocrx_word' id='word_1_8' title='bbox 1193 468 1314 533; x_wconf 71' lang='grc' dir='ltr'><strong><em>τῶν</em></strong></span> <span class='ocrx_word' id='word_1_9' title='bbox 1340 465 1659 532; x_wconf 70' lang='grc' dir='ltr'><strong><em>κινδύνων.</em></strong></span> <span class='ocrx_word' id='word_1_10' title='bbox 1739 460 1893 551; x_wconf 85' lang='grc' dir='ltr'><strong><em>πρὸς</em></strong></span> <span class='ocrx_word' id='word_1_11' title='bbox 1933 460 2014 549; x_wconf 78' lang='grc' dir='ltr'><strong><em>δὴ</em></strong></span> <span class='ocrx_word' id='word_1_12' title='bbox 2059 464 2261 529; x_wconf 73' lang='grc' dir='ltr'><strong><em>ταῦτα</em></strong></span> <span class='ocrx_word' id='word_1_13' title='bbox 2295 457 2563 549; x_wconf 63' lang='grc' dir='ltr'><strong><em>ὅπηΑιῦ.</em></strong></span> <span class='ocrx_word' id='word_1_14' title='bbox 2593 468 2722 535; x_wconf 65' lang='lat'><strong>¹33⁴:</strong></span> 
     </span>
     <span class='ocr_line' id='line_1_3' title="bbox 265 558 2622 652; baseline -0.003 -18"><span class='ocrx_word' id='word_1_15' title='bbox 265 561 345 634; x_wconf 66' lang='grc' dir='ltr'><strong><em>ἔν</em></strong></span> <span class='ocrx_word' id='word_1_16' title='bbox 374 590 476 632; x_wconf 84' lang='grc' dir='ltr'><strong><em>σοι</em></strong></span> <span class='ocrx_word' id='word_1_17' title='bbox 516 565 666 652; x_wconf 78' lang='grc' dir='ltr'><strong><em>δοκῇ</em></strong></span> <span class='ocrx_word' id='word_1_18' title='bbox 696 571 830 640; x_wconf 72' lang='grc' dir='ltr'><strong><em>τοῖς</em></strong></span> <span class='ocrx_word' id='word_1_19' title='bbox 865 565 1191 649; x_wconf 75' lang='grc' dir='ltr'><strong><em>πράγμασι</em></strong></span> <span class='ocrx_word' id='word_1_20' title='bbox 1226 565 1512 650; x_wconf 69' lang='grc' dir='ltr'><strong><em>χρῆσθαι</em></strong></span> <span class='ocrx_word' id='word_1_21' title='bbox 1534 615 1554 647; x_wconf 90' lang='grc'><strong><em>,</em></strong></span> <span class='ocrx_word' id='word_1_22' title='bbox 1624 561 1875 639; x_wconf 83' lang='grc' dir='ltr'><strong><em>συνετός</em></strong></span> <span class='ocrx_word' id='word_1_23' title='bbox 1910 586 1981 627; x_wconf 86' lang='grc' dir='ltr'><strong><em>τε</em></strong></span> <span class='ocrx_word' id='word_1_24' title='bbox 2019 558 2107 627; x_wconf 69' lang='grc' dir='ltr'><strong><em>ὢν</em></strong></span> <span class='ocrx_word' id='word_1_25' title='bbox 2139 561 2252 627; x_wconf 74' lang='grc' dir='ltr'><strong><em>καὶ</em></strong></span> <span class='ocrx_word' id='word_1_26' title='bbox 2284 571 2420 627; x_wconf 84' lang='grc' dir='ltr'><strong><em>πεῖ-</em></strong></span> <span class='ocrx_word' id='word_1_27' title='bbox 2444 574 2496 625; x_wconf 86' lang='lat' dir='ltr'><strong><em>P.</em></strong></span> <span class='ocrx_word' id='word_1_28' title='bbox 2512 571 2622 631; x_wconf 80' lang='lat'><strong><em>272</em></strong></span> 
     </span>
     <span class='ocr_line' id='line_1_4' title="bbox 263 653 2432 752; baseline -0.002 -22"><span class='ocrx_word' id='word_1_29' title='bbox 263 690 385 752; x_wconf 82' lang='grc' dir='ltr'><strong><em>ραν</em></strong></span> <span class='ocrx_word' id='word_1_30' title='bbox 431 663 600 748; x_wconf 83' lang='grc' dir='ltr'><strong><em>ἔχων</em></strong></span> <span class='ocrx_word' id='word_1_31' title='bbox 655 663 769 728; x_wconf 75' lang='grc' dir='ltr'><strong><em>καί</em></strong></span> <span class='ocrx_word' id='word_1_32' title='bbox 807 661 1011 745; x_wconf 72' lang='grc' dir='ltr'><strong><em>λόγων</em></strong></span> <span class='ocrx_word' id='word_1_33' title='bbox 1057 661 1169 727; x_wconf 72' lang='grc' dir='ltr'><strong><em>καὶ</em></strong></span> <span class='ocrx_word' id='word_1_34' title='bbox 1218 665 1664 748; x_wconf 80' lang='grc' dir='ltr'><strong><em>πραγμάτων.”</em></strong></span> <span class='ocrx_word' id='word_1_35' title='bbox 1735 660 2123 747; x_wconf 75' lang='grc' dir='ltr'><strong><em>Συργιάννην</em></strong></span> <span class='ocrx_word' id='word_1_36' title='bbox 2163 668 2283 743; x_wconf 75' lang='grc' dir='ltr'><strong><em>μὲν</em></strong></span> <span class='ocrx_word' id='word_1_37' title='bbox 2316 653 2432 726; x_wconf 73' lang='grc' dir='ltr'><strong><em>οὖν</em></strong></span> 
     </span>
     <span class='ocr_line' id='line_1_5' title="bbox 259 754 2432 847; baseline -0.002 -19"><span class='ocrx_word' id='word_1_38' title='bbox 259 758 458 838; x_wconf 66' lang='grc' dir='ltr'><strong><em>εὗθὺς</em></strong></span> <span class='ocrx_word' id='word_1_39' title='bbox 487 763 601 827; x_wconf 70' lang='grc' dir='ltr'><strong><em>οὐκ</em></strong></span> <span class='ocrx_word' id='word_1_40' title='bbox 636 761 843 844; x_wconf 77' lang='grc' dir='ltr'><strong><em>ὀλίγον</em></strong></span> <span class='ocrx_word' id='word_1_41' title='bbox 877 758 1279 847; x_wconf 73' lang='grc' dir='ltr'><strong><em>ἐθορύβησαν</em></strong></span> <span class='ocrx_word' id='word_1_42' title='bbox 1308 760 1369 825; x_wconf 78' lang='grc' dir='ltr'><strong><em>οἱ</em></strong></span> <span class='ocrx_word' id='word_1_43' title='bbox 1402 758 1613 844; x_wconf 82' lang='grc' dir='ltr'><strong><em>λόγοι,</em></strong></span> <span class='ocrx_word' id='word_1_44' title='bbox 1657 763 2000 843; x_wconf 73' lang='grc' dir='ltr'><strong><em>νομίσαντα</em></strong></span> <span class='ocrx_word' id='word_1_45' title='bbox 2038 754 2162 844; x_wconf 81' lang='grc' dir='ltr'><strong><em>ἤδη</em></strong></span> <span class='ocrx_word' id='word_1_46' title='bbox 2188 761 2256 824; x_wconf 75' lang='grc' dir='ltr'><strong><em>ἐν</em></strong></span> <span class='ocrx_word' id='word_1_47' title='bbox 2294 762 2432 847; x_wconf 73' lang='grc' dir='ltr'><strong><em>χρῷ</em></strong></span> 
     </span>
     <span class='ocr_line' id='line_1_6' title="bbox 218 854 2432 942; baseline -0.002 -15"><span class='ocrx_word' id='word_1_48' title='bbox 218 864 551 935; x_wconf 72' lang='grc' dir='ltr'><strong><em>5κινδῦνου</em></strong></span> <span class='ocrx_word' id='word_1_49' title='bbox 603 858 1005 925; x_wconf 75' lang='grc' dir='ltr'><strong><em>καθεστάναι.</em></strong></span> <span class='ocrx_word' id='word_1_50' title='bbox 1085 855 1258 942; x_wconf 79' lang='grc' dir='ltr'><strong><em>ὅμως</em></strong></span> <span class='ocrx_word' id='word_1_51' title='bbox 1294 861 1365 925; x_wconf 81' lang='grc' dir='ltr'><strong><em>δὲ</em></strong></span> <span class='ocrx_word' id='word_1_52' title='bbox 1400 857 1503 924; x_wconf 77' lang='grc' dir='ltr'><strong><em>ἔτι</em></strong></span> <span class='ocrx_word' id='word_1_53' title='bbox 1548 860 1926 941; x_wconf 78' lang='grc' dir='ltr'><strong><em>πειρώμενος</em></strong></span> <span class='ocrx_word' id='word_1_54' title='bbox 1982 854 2178 924; x_wconf 68' lang='grc' dir='ltr'><strong><em>αὐτοῦ</em></strong></span> <span class='ocrx_word' id='word_1_55' title='bbox 2214 861 2278 925; x_wconf 80' lang='grc' dir='ltr'><strong><em>εἰ</em></strong></span> <span class='ocrx_word' id='word_1_56' title='bbox 2314 860 2432 923; x_wconf 76' lang='grc' dir='ltr'><strong><em>δύ-</em></strong></span> 
     </span>
     <span class='ocr_line' id='line_1_7' title="bbox 260 952 2430 1044; baseline -0.004 -15"><span class='ocrx_word' id='word_1_57' title='bbox 260 985 437 1028; x_wconf 85' lang='grc' dir='ltr'><strong><em>ναιτο</em></strong></span> <span class='ocrx_word' id='word_1_58' title='bbox 480 955 874 1041; x_wconf 72' lang='grc' dir='ltr'><strong><em>ἀποθέμενος</em></strong></span> <span class='ocrx_word' id='word_1_59' title='bbox 911 956 1028 1043; x_wconf 82' lang='grc' dir='ltr'><strong><em>τῆν</em></strong></span> <span class='ocrx_word' id='word_1_60' title='bbox 1057 956 1221 1043; x_wconf 85' lang='grc' dir='ltr'><strong><em>πρὸς</em></strong></span> <span class='ocrx_word' id='word_1_61' title='bbox 1282 952 1477 1022; x_wconf 76' lang='grc' dir='ltr'><strong><em>αὖτὸν</em></strong></span> <span class='ocrx_word' id='word_1_62' title='bbox 1509 957 1702 1043; x_wconf 68' lang='grc' dir='ltr'><strong><em>ὀργῆν</em></strong></span> <span class='ocrx_word' id='word_1_63' title='bbox 1737 958 1958 1043; x_wconf 77' lang='grc' dir='ltr'><strong><em>στῆσαι</em></strong></span> <span class='ocrx_word' id='word_1_64' title='bbox 2000 955 2109 1043; x_wconf 73' lang='grc' dir='ltr'><strong><em>τὴν</em></strong></span> <span class='ocrx_word' id='word_1_65' title='bbox 2161 959 2430 1044; x_wconf 83' lang='grc' dir='ltr'><strong><em>προσδο-</em></strong></span> 
     </span>
     <span class='ocr_line' id='line_1_8' title="bbox 258 1046 2438 1144; baseline -0.003 -19"><span class='ocrx_word' id='word_1_66' title='bbox 258 1060 549 1143; x_wconf 76' lang='grc' dir='ltr'><strong><em>κωμένην</em></strong></span> <span class='ocrx_word' id='word_1_67' title='bbox 592 1054 934 1143; x_wconf 76' lang='grc' dir='ltr'><strong><em>συμφορὰν</em></strong></span> <span class='ocrx_word' id='word_1_68' title='bbox 988 1051 1191 1140; x_wconf 60' lang='grc' dir='ltr'><strong><em>»Ἐγώ</em></strong></span> <span class='ocrx_word' id='word_1_69' title='bbox 1233 1059 1353 1138; x_wconf 82' lang='grc' dir='ltr'><strong><em>μὲν</em></strong></span> <span class='ocrx_word' id='word_1_70' title='bbox 1387 1046 1604 1144; x_wconf 73' lang='grc' dir='ltr'><strong><em>ᾧμην”</em></strong></span> <span class='ocrx_word' id='word_1_71' title='bbox 1639 1050 1774 1120; x_wconf 80' lang='grc' dir='ltr'><strong><em>εἶπε</em></strong></span> <span class='ocrx_word' id='word_1_72' title='bbox 1820 1058 2057 1143; x_wconf 60' lang='grc' dir='ltr'><strong><em>»μέχρι</em></strong></span> <span class='ocrx_word' id='word_1_73' title='bbox 2093 1053 2287 1139; x_wconf 82' lang='grc' dir='ltr'><strong><em>λόγων</em></strong></span> <span class='ocrx_word' id='word_1_74' title='bbox 2316 1054 2438 1137; x_wconf 80' lang='grc' dir='ltr'><strong><em>μοί</em></strong></span> 
     </span>
     <span class='ocr_line' id='line_1_9' title="bbox 261 1151 2431 1247; baseline -0.003 -23"><span class='ocrx_word' id='word_1_75' title='bbox 261 1182 335 1224; x_wconf 87' lang='grc' dir='ltr'><strong><em>σε</em></strong></span> <span class='ocrx_word' id='word_1_76' title='bbox 372 1156 490 1243; x_wconf 73' lang='grc' dir='ltr'><strong><em>τήν</em></strong></span> <span class='ocrx_word' id='word_1_77' title='bbox 530 1155 841 1242; x_wconf 73' lang='grc' dir='ltr'><strong><em>τιμωρίαν</em></strong></span> <span class='ocrx_word' id='word_1_78' title='bbox 876 1156 1003 1220; x_wconf 73' lang='grc' dir='ltr'><strong><em>τῶν</em></strong></span> <span class='ocrx_word' id='word_1_79' title='bbox 1043 1154 1507 1241; x_wconf 79' lang='grc' dir='ltr'><strong><em>ἡμαρτημένων</em></strong></span> <span class='ocrx_word' id='word_1_80' title='bbox 1545 1151 1835 1239; x_wconf 76' lang='grc' dir='ltr'><strong><em>στήσειν,</em></strong></span> <span class='ocrx_word' id='word_1_81' title='bbox 1877 1156 1988 1218; x_wconf 75' lang='grc' dir='ltr'><strong><em>καὶ</em></strong></span> <span class='ocrx_word' id='word_1_82' title='bbox 2025 1153 2113 1240; x_wconf 79' lang='grc' dir='ltr'><strong><em>μὴ</em></strong></span> <span class='ocrx_word' id='word_1_83' title='bbox 2173 1152 2281 1247; x_wconf 54' lang='lat' dir='ltr'><strong>dcci</strong></span> <span class='ocrx_word' id='word_1_84' title='bbox 2321 1180 2431 1236; x_wconf 85' lang='grc' dir='ltr'><strong><em>μι-</em></strong></span> 
     </span>
     <span class='ocr_line' id='line_1_10' title="bbox 260 1240 2426 1343; baseline -0.001 -23"><span class='ocrx_word' id='word_1_85' title='bbox 260 1256 659 1343; x_wconf 84' lang='grc' dir='ltr'><strong><em>κροψυχίαν,</em></strong></span> <span class='ocrx_word' id='word_1_86' title='bbox 698 1256 806 1341; x_wconf 76' lang='grc' dir='ltr'><strong><em>ἐφ’</em></strong></span> <span class='ocrx_word' id='word_1_87' title='bbox 838 1245 881 1342; x_wconf 76' lang='grc' dir='ltr'><em>ᾗ</em></span> <span class='ocrx_word' id='word_1_88' title='bbox 909 1276 1025 1336; x_wconf 86' lang='grc' dir='ltr'><strong><em>μοι</em></strong></span> <span class='ocrx_word' id='word_1_89' title='bbox 1059 1255 1169 1319; x_wconf 83' lang='grc' dir='ltr'><strong><em>καί</em></strong></span> <span class='ocrx_word' id='word_1_90' title='bbox 1200 1253 1506 1339; x_wconf 81' lang='grc' dir='ltr'><strong><em>πρότερον</em></strong></span> <span class='ocrx_word' id='word_1_91' title='bbox 1535 1252 1734 1319; x_wconf 78' lang='grc' dir='ltr'><strong><em>πολλοὶ</em></strong></span> <span class='ocrx_word' id='word_1_92' title='bbox 1774 1253 2071 1330; x_wconf 79' lang='grc' dir='ltr'><strong><em>πολλάκις</em></strong></span> <span class='ocrx_word' id='word_1_93' title='bbox 2101 1240 2426 1337; x_wconf 59' lang='grc' dir='ltr'><strong><em>συνέγνως,</em></strong></span> 
     </span>
     <span class='ocr_line' id='line_1_11' title="bbox 179 1344 2429 1442; baseline -0 -25"><span class='ocrx_word' id='word_1_94' title='bbox 179 1353 663 1442; x_wconf 65' lang='grc' dir='ltr'><strong><em>ιοπροήσεσθαι</em></strong></span> <span class='ocrx_word' id='word_1_95' title='bbox 696 1362 826 1428; x_wconf 81' lang='grc' dir='ltr'><strong><em>τοῖς</em></strong></span> <span class='ocrx_word' id='word_1_96' title='bbox 865 1355 1331 1440; x_wconf 75' lang='grc' dir='ltr'><strong><em>συκοφαντοῦσι</em></strong></span> <span class='ocrx_word' id='word_1_97' title='bbox 1350 1357 1485 1418; x_wconf 76' lang='grc' dir='ltr'><strong><em>νῦν.</em></strong></span> <span class='ocrx_word' id='word_1_98' title='bbox 1553 1350 1685 1439; x_wconf 76' lang='grc' dir='ltr'><strong><em>6ρῶ</em></strong></span> <span class='ocrx_word' id='word_1_99' title='bbox 1718 1354 1791 1416; x_wconf 78' lang='grc' dir='ltr'><strong><em>δὲ</em></strong></span> <span class='ocrx_word' id='word_1_100' title='bbox 1846 1344 1968 1438; x_wconf 81' lang='grc' dir='ltr'><strong><em>ἤδη</em></strong></span> <span class='ocrx_word' id='word_1_101' title='bbox 2012 1348 2120 1416; x_wconf 81' lang='grc' dir='ltr'><strong><em>τὸν</em></strong></span> <span class='ocrx_word' id='word_1_102' title='bbox 2168 1344 2429 1439; x_wconf 67' lang='grc' dir='ltr'><strong><em>ὄλεθρον</em></strong></span> 
     </span>
     <span class='ocr_line' id='line_1_12' title="bbox 258 1446 2477 1538; baseline 0 -18"><span class='ocrx_word' id='word_1_103' title='bbox 258 1456 398 1520; x_wconf 55' lang='grc' dir='ltr'><strong><em>κατρ</em></strong></span> <span class='ocrx_word' id='word_1_104' title='bbox 431 1448 618 1518; x_wconf 71' lang='grc' dir='ltr'><strong><em>οὖδὲν</em></strong></span> <span class='ocrx_word' id='word_1_105' title='bbox 644 1455 1002 1519; x_wconf 75' lang='grc' dir='ltr'><strong><em>ἐλλείποντα</em></strong></span> <span class='ocrx_word' id='word_1_106' title='bbox 1045 1456 1204 1534; x_wconf 80' lang='grc' dir='ltr'><strong><em>ἐμοί.</em></strong></span> <span class='ocrx_word' id='word_1_107' title='bbox 1284 1450 1399 1518; x_wconf 68' lang='lat' dir='ltr'><strong>«lviv</strong></span> <span class='ocrx_word' id='word_1_108' title='bbox 1445 1450 1566 1538; x_wconf 76' lang='grc' dir='ltr'><strong><em>γοὶρ</em></strong></span> <span class='ocrx_word' id='word_1_109' title='bbox 1608 1454 1855 1518; x_wconf 58' lang='lat' dir='ltr'><strong>nme&amp;</strong></span> <span class='ocrx_word' id='word_1_110' title='bbox 1885 1454 2143 1537; x_wconf 72' lang='grc' dir='ltr'><strong><em>σαφοῦς,</em></strong></span> <span class='ocrx_word' id='word_1_111' title='bbox 2210 1446 2307 1517; x_wconf 79' lang='grc' dir='ltr'><strong><em>ὅτι</em></strong></span> <span class='ocrx_word' id='word_1_112' title='bbox 2350 1470 2477 1520; x_wconf 85' lang='grc' dir='ltr'><strong><em>σεΒ</em></strong></span> 
     </span>
     <span class='ocr_line' id='line_1_13' title="bbox 260 1546 2428 1638; baseline 0.001 -23"><span class='ocrx_word' id='word_1_113' title='bbox 260 1546 340 1617; x_wconf 73' lang='grc' dir='ltr'><strong><em>οὗ</em></strong></span> <span class='ocrx_word' id='word_1_114' title='bbox 366 1554 565 1617; x_wconf 90' lang='grc' dir='ltr'><strong><em>πείσω</em></strong></span> <span class='ocrx_word' id='word_1_115' title='bbox 606 1549 874 1616; x_wconf 77' lang='grc' dir='ltr'><strong><em>δυνατὸν</em></strong></span> <span class='ocrx_word' id='word_1_116' title='bbox 917 1553 1163 1636; x_wconf 71' lang='grc' dir='ltr'><strong><em>δεηθεὶς</em></strong></span> <span class='ocrx_word' id='word_1_117' title='bbox 1206 1549 1477 1638; x_wconf 77' lang='grc' dir='ltr'><strong><em>ὖφεῖναί</em></strong></span> <span class='ocrx_word' id='word_1_118' title='bbox 1515 1575 1625 1633; x_wconf 84' lang='grc' dir='ltr'><strong><em>μοι</em></strong></span> <span class='ocrx_word' id='word_1_119' title='bbox 1665 1547 1785 1636; x_wconf 77' lang='grc' dir='ltr'><strong><em>τήν</em></strong></span> <span class='ocrx_word' id='word_1_120' title='bbox 1823 1549 2021 1635; x_wconf 80' lang='grc' dir='ltr'><strong><em>ὄργῆν</em></strong></span> <span class='ocrx_word' id='word_1_121' title='bbox 2058 1550 2172 1617; x_wconf 72' lang='grc' dir='ltr'><strong><em>καὶ</em></strong></span> <span class='ocrx_word' id='word_1_122' title='bbox 2207 1549 2428 1634; x_wconf 75' lang='grc' dir='ltr'><strong><em>ὁμοίας</em></strong></span> 
     </span>
     <span class='ocr_line' id='line_1_14' title="bbox 260 1642 2428 1737; baseline -0 -20"><span class='ocrx_word' id='word_1_123' title='bbox 260 1644 472 1737; x_wconf 64' lang='grc' dir='ltr'><strong><em>ὥσπερ</em></strong></span> <span class='ocrx_word' id='word_1_124' title='bbox 519 1648 817 1737; x_wconf 85' lang='grc' dir='ltr'><strong><em>πρότερον</em></strong></span> <span class='ocrx_word' id='word_1_125' title='bbox 887 1650 1257 1736; x_wconf 75' lang='grc' dir='ltr'><strong><em>κηδεμονίας</em></strong></span> <span class='ocrx_word' id='word_1_126' title='bbox 1320 1644 1574 1732; x_wconf 71' lang='grc' dir='ltr'><strong><em>ἀξιοῦν,</em></strong></span> <span class='ocrx_word' id='word_1_127' title='bbox 1635 1650 1820 1715; x_wconf 69' lang='grc' dir='ltr'><strong><em>οὐδὲν</em></strong></span> <span class='ocrx_word' id='word_1_128' title='bbox 1867 1646 2090 1716; x_wconf 79' lang='grc' dir='ltr'><strong><em>λοιπὸν</em></strong></span> <span class='ocrx_word' id='word_1_129' title='bbox 2131 1642 2174 1735; x_wconf 78' lang='grc' dir='ltr'><strong><em>ἢ</em></strong></span> <span class='ocrx_word' id='word_1_130' title='bbox 2219 1660 2428 1727; x_wconf 72' lang='grc' dir='ltr'><strong><em>κακοῖς</em></strong></span> 
     </span>
     <span class='ocr_line' id='line_1_15' title="bbox 258 1743 2423 1838; baseline 0 -26"><span class='ocrx_word' id='word_1_131' title='bbox 258 1758 391 1825; x_wconf 77' lang='grc' dir='ltr'><strong><em>τοῖς</em></strong></span> <span class='ocrx_word' id='word_1_132' title='bbox 445 1751 734 1831; x_wconf 74' lang='grc' dir='ltr'><strong><em>ἐσχάτοις</em></strong></span> <span class='ocrx_word' id='word_1_133' title='bbox 792 1752 1273 1835; x_wconf 74' lang='grc' dir='ltr'><strong><em>περιπεσεῖσθαι</em></strong></span> <span class='ocrx_word' id='word_1_134' title='bbox 1320 1749 1737 1838; x_wconf 74' lang='grc' dir='ltr'><strong><em>προσδοκᾷν.”</em></strong></span> <span class='ocrx_word' id='word_1_135' title='bbox 1791 1745 1828 1811; x_wconf 79' lang='grc' dir='ltr'>ὅ</span> <span class='ocrx_word' id='word_1_136' title='bbox 1884 1750 1942 1813; x_wconf 87' lang='grc' dir='ltr'><strong><em>δ’</em></strong></span> <span class='ocrx_word' id='word_1_137' title='bbox 1990 1745 2264 1836; x_wconf 75' lang='grc' dir='ltr'><strong><em>ἔφασκεν</em></strong></span> <span class='ocrx_word' id='word_1_138' title='bbox 2303 1743 2423 1831; x_wconf 72' lang='lat'><strong><em>„013</em></strong></span> 
     </span>
     <span class='ocr_line' id='line_1_16' title="bbox 185 1842 2427 1935; baseline 0 -24"><span class='ocrx_word' id='word_1_139' title='bbox 185 1845 486 1935; x_wconf 63' lang='grc' dir='ltr'><strong><em>,5χρείαν</em></strong></span> <span class='ocrx_word' id='word_1_140' title='bbox 534 1844 695 1914; x_wconf 82' lang='grc' dir='ltr'><strong><em>εἶναι</em></strong></span> <span class='ocrx_word' id='word_1_141' title='bbox 741 1844 941 1930; x_wconf 88' lang='grc' dir='ltr'><strong><em>λόγων</em></strong></span> <span class='ocrx_word' id='word_1_142' title='bbox 982 1849 1294 1930; x_wconf 74' lang='grc' dir='ltr'><strong><em>περιττῶν</em></strong></span> <span class='ocrx_word' id='word_1_143' title='bbox 1313 1871 1333 1890; x_wconf 86' lang='grc'><em>·</em></span> <span class='ocrx_word' id='word_1_144' title='bbox 1373 1842 1570 1922; x_wconf 69' lang='grc' dir='ltr'><strong><em>αὐτὸς</em></strong></span> <span class='ocrx_word' id='word_1_145' title='bbox 1627 1849 1699 1912; x_wconf 71' lang='grc' dir='ltr'><strong><em>δὲ</em></strong></span> <span class='ocrx_word' id='word_1_146' title='bbox 1754 1846 2056 1932; x_wconf 86' lang='grc' dir='ltr'><strong><em>πρότερόν</em></strong></span> <span class='ocrx_word' id='word_1_147' title='bbox 2110 1871 2178 1913; x_wconf 86' lang='grc' dir='ltr'><strong><em>τε</em></strong></span> <span class='ocrx_word' id='word_1_148' title='bbox 2218 1847 2427 1931; x_wconf 88' lang='grc' dir='ltr'><strong><em>λόγοις</em></strong></span> 
     </span>
     <span class='ocr_line' id='line_1_17' title="bbox 258 1936 2422 2031; baseline 0 -20"><span class='ocrx_word' id='word_1_149' title='bbox 258 1946 490 2030; x_wconf 75' lang='grc' dir='ltr'><strong><em>ὀλίγοις</em></strong></span> <span class='ocrx_word' id='word_1_150' title='bbox 525 1943 639 2031; x_wconf 79' lang='grc' dir='ltr'><strong><em>τὴν</em></strong></span> <span class='ocrx_word' id='word_1_151' title='bbox 669 1944 954 2011; x_wconf 77' lang='grc' dir='ltr'><strong><em>διάνοιαν</em></strong></span> <span class='ocrx_word' id='word_1_152' title='bbox 986 1947 1423 2031; x_wconf 75' lang='grc' dir='ltr'><strong><em>δεδηλωκέναι,</em></strong></span> <span class='ocrx_word' id='word_1_153' title='bbox 1453 1944 1566 2011; x_wconf 73' lang='grc' dir='ltr'><strong><em>καὶ</em></strong></span> <span class='ocrx_word' id='word_1_154' title='bbox 1589 1947 1705 2011; x_wconf 80' lang='grc' dir='ltr'><strong><em>νῦν</em></strong></span> <span class='ocrx_word' id='word_1_155' title='bbox 1743 1946 1928 2011; x_wconf 69' lang='grc' dir='ltr'><strong><em>οὐδὲν</em></strong></span> <span class='ocrx_word' id='word_1_156' title='bbox 1969 1936 2160 2030; x_wconf 81' lang='grc' dir='ltr'><strong><em>ἧττον</em></strong></span> <span class='ocrx_word' id='word_1_157' title='bbox 2191 1945 2261 2012; x_wconf 83' lang='grc' dir='ltr'><strong><em>τὸ</em></strong></span> <span class='ocrx_word' id='word_1_158' title='bbox 2298 1946 2422 2011; x_wconf 74' lang='grc' dir='ltr'><strong><em>αὖ·</em></strong></span> 
     </span>
     <span class='ocr_line' id='line_1_18' title="bbox 252 2039 2421 2132; baseline -0.001 -20"><span class='ocrx_word' id='word_1_159' title='bbox 252 2043 323 2113; x_wconf 80' lang='grc' dir='ltr'><strong><em>τὸ</em></strong></span> <span class='ocrx_word' id='word_1_160' title='bbox 353 2042 636 2130; x_wconf 81' lang='grc' dir='ltr'><strong><em>ποιήσειν</em></strong></span> <span class='ocrx_word' id='word_1_161' title='bbox 662 2070 682 2090; x_wconf 86' lang='grc'><em>·</em></span> <span class='ocrx_word' id='word_1_162' title='bbox 722 2045 1150 2132; x_wconf 69' lang='grc' dir='ltr'><strong><em>ἀνεπίφθονον</em></strong></span> <span class='ocrx_word' id='word_1_163' title='bbox 1179 2045 1253 2109; x_wconf 76' lang='grc' dir='ltr'><strong><em>δὲ</em></strong></span> <span class='ocrx_word' id='word_1_164' title='bbox 1292 2039 1482 2126; x_wconf 76' lang='grc' dir='ltr'><strong><em>εἶναι,</em></strong></span> <span class='ocrx_word' id='word_1_165' title='bbox 1521 2045 1581 2109; x_wconf 78' lang='grc' dir='ltr'><strong><em>εἰ</em></strong></span> <span class='ocrx_word' id='word_1_166' title='bbox 1609 2043 1720 2109; x_wconf 74' lang='grc' dir='ltr'><strong><em>διὰ</em></strong></span> <span class='ocrx_word' id='word_1_167' title='bbox 1757 2046 2278 2132; x_wconf 79' lang='grc' dir='ltr'><strong><em>παραδειγμάτων</em></strong></span> <span class='ocrx_word' id='word_1_168' title='bbox 2302 2043 2421 2132; x_wconf 76' lang='grc' dir='ltr'><strong><em>τὴν</em></strong></span> 
     </span>
     <span class='ocr_line' id='line_1_19' title="bbox 253 2140 2423 2231; baseline 0.001 -21"><span class='ocrx_word' id='word_1_169' title='bbox 253 2143 577 2222; x_wconf 76' lang='grc' dir='ltr'><strong><em>ἆπόδειξιν</em></strong></span> <span class='ocrx_word' id='word_1_170' title='bbox 623 2144 966 2230; x_wconf 79' lang='grc' dir='ltr'><strong><em>ποιήσομαι</em></strong></span> <span class='ocrx_word' id='word_1_171' title='bbox 1024 2146 1138 2209; x_wconf 80' lang='grc' dir='ltr'><strong><em>τοῦ</em></strong></span> <span class='ocrx_word' id='word_1_172' title='bbox 1195 2141 1396 2226; x_wconf 85' lang='grc' dir='ltr'><strong><em>λόγου.</em></strong></span> <span class='ocrx_word' id='word_1_173' title='bbox 1480 2144 1752 2209; x_wconf 77' lang='grc' dir='ltr'><strong><em>ἐοικέναι</em></strong></span> <span class='ocrx_word' id='word_1_174' title='bbox 1790 2140 1914 2231; x_wconf 72' lang='grc' dir='ltr'><strong><em>γὰρ</em></strong></span> <span class='ocrx_word' id='word_1_175' title='bbox 1955 2146 2266 2227; x_wconf 79' lang='grc' dir='ltr'><strong><em>νομίζειν,</em></strong></span> <span class='ocrx_word' id='word_1_176' title='bbox 2306 2146 2423 2227; x_wconf 69' lang='grc' dir='ltr'><strong><em>ἐμὲ</em></strong></span> 
     </span>
     <span class='ocr_line' id='line_1_20' title="bbox 254 2241 2420 2332; baseline -0 -23"><span class='ocrx_word' id='word_1_177' title='bbox 254 2246 371 2325; x_wconf 79' lang='grc' dir='ltr'><strong><em>μὲν</em></strong></span> <span class='ocrx_word' id='word_1_178' title='bbox 400 2248 644 2332; x_wconf 78' lang='grc' dir='ltr'><strong><em>γαληνῷ</em></strong></span> <span class='ocrx_word' id='word_1_179' title='bbox 670 2269 797 2310; x_wconf 81' lang='grc' dir='ltr'><strong><em>τινι</em></strong></span> <span class='ocrx_word' id='word_1_180' title='bbox 827 2245 1035 2325; x_wconf 69' lang='grc' dir='ltr'><strong><em>λιμένι</em></strong></span> <span class='ocrx_word' id='word_1_181' title='bbox 1063 2244 1634 2329; x_wconf 77' lang='grc' dir='ltr'><strong><em>προσερηρεισμένῃ</em></strong></span> <span class='ocrx_word' id='word_1_182' title='bbox 1665 2243 1864 2331; x_wconf 70' lang='grc' dir='ltr'><strong><em>πέτρᾳ</em></strong></span> <span class='ocrx_word' id='word_1_183' title='bbox 1883 2293 1903 2324; x_wconf 87' lang='grc'><strong><em>,</em></strong></span> <span class='ocrx_word' id='word_1_184' title='bbox 1944 2243 2018 2309; x_wconf 79' lang='grc' dir='ltr'><strong><em>σὲ</em></strong></span> <span class='ocrx_word' id='word_1_185' title='bbox 2049 2241 2128 2329; x_wconf 79' lang='grc' dir='ltr'><em>δὴ</em></span> <span class='ocrx_word' id='word_1_186' title='bbox 2168 2245 2282 2328; x_wconf 77' lang='grc' dir='ltr'><strong><em>νηῒ</em></strong></span> <span class='ocrx_word' id='word_1_187' title='bbox 2303 2241 2420 2308; x_wconf 81' lang='grc' dir='ltr'><strong><em>κά-</em></strong></span> 
     </span>
     <span class='ocr_line' id='line_1_21' title="bbox 176 2336 2418 2431; baseline -0.003 -19"><span class='ocrx_word' id='word_1_188' title='bbox 176 2348 383 2413; x_wconf 73' lang='grc' dir='ltr'><strong><em>αολων</em></strong></span> <span class='ocrx_word' id='word_1_189' title='bbox 414 2346 483 2423; x_wconf 75' lang='grc' dir='ltr'><strong><em>ἐξ</em></strong></span> <span class='ocrx_word' id='word_1_190' title='bbox 528 2344 725 2430; x_wconf 75' lang='grc' dir='ltr'><strong><em>αὐτῆς</em></strong></span> <span class='ocrx_word' id='word_1_191' title='bbox 764 2346 1142 2431; x_wconf 71' lang='grc' dir='ltr'><strong><em>ἄναψαμένῃ</em></strong></span> <span class='ocrx_word' id='word_1_192' title='bbox 1179 2341 1291 2408; x_wconf 79' lang='grc' dir='ltr'><em>καί</em></span> <span class='ocrx_word' id='word_1_193' title='bbox 1332 2347 1563 2428; x_wconf 83' lang='grc' dir='ltr'><strong><em>πολλῆς</em></strong></span> <span class='ocrx_word' id='word_1_194' title='bbox 1589 2341 1995 2429; x_wconf 73' lang='grc' dir='ltr'><strong><em>ἄπολαυούσῃ</em></strong></span> <span class='ocrx_word' id='word_1_195' title='bbox 2037 2347 2146 2429; x_wconf 81' lang='grc' dir='ltr'><strong><em>τῆς</em></strong></span> <span class='ocrx_word' id='word_1_196' title='bbox 2176 2336 2418 2417; x_wconf 74' lang='grc' dir='ltr'><strong><em>εὕδίας·</em></strong></span> 
     </span>
     <span class='ocr_line' id='line_1_22' title="bbox 256 2435 2468 2531; baseline -0 -21"><span class='ocrx_word' id='word_1_197' title='bbox 256 2445 605 2526; x_wconf 82' lang='grc' dir='ltr'><strong><em>νομίσαντα</em></strong></span> <span class='ocrx_word' id='word_1_198' title='bbox 653 2444 758 2522; x_wconf 71' lang='grc' dir='ltr'><strong><em>δὲ,</em></strong></span> <span class='ocrx_word' id='word_1_199' title='bbox 800 2435 878 2507; x_wconf 70' lang='grc' dir='ltr'><strong><em>ἂν</em></strong></span> <span class='ocrx_word' id='word_1_200' title='bbox 922 2437 1122 2527; x_wconf 67' lang='grc' dir='ltr'><strong><em>αὐτῆς</em></strong></span> <span class='ocrx_word' id='word_1_201' title='bbox 1148 2437 1517 2530; x_wconf 73' lang='grc' dir='ltr'><strong><em>ἀπολυθήσῃ</em></strong></span> <span class='ocrx_word' id='word_1_202' title='bbox 1535 2492 1557 2524; x_wconf 93' lang='grc'><strong><em>,</em></strong></span> <span class='ocrx_word' id='word_1_203' title='bbox 1597 2446 1784 2510; x_wconf 80' lang='grc' dir='ltr'><strong><em>πλέον</em></strong></span> <span class='ocrx_word' id='word_1_204' title='bbox 1818 2468 1886 2508; x_wconf 91' lang='grc' dir='ltr'><strong><em>τι</em></strong></span> <span class='ocrx_word' id='word_1_205' title='bbox 1918 2442 2030 2509; x_wconf 80' lang='grc' dir='ltr'><em>καί</em></span> <span class='ocrx_word' id='word_1_206' title='bbox 2061 2441 2468 2531; x_wconf 72' lang='grc' dir='ltr'><strong><em>κερδαλειό-(Ξ</em></strong></span> 
     </span>
     <span class='ocr_line' id='line_1_23' title="bbox 253 2534 2417 2629; baseline 0 -21"><span class='ocrx_word' id='word_1_207' title='bbox 253 2565 430 2629; x_wconf 86' lang='grc' dir='ltr'><strong><em>τερον</em></strong></span> <span class='ocrx_word' id='word_1_208' title='bbox 471 2540 765 2627; x_wconf 71' lang='grc' dir='ltr'><strong><em>εὑρήσειν</em></strong></span> <span class='ocrx_word' id='word_1_209' title='bbox 782 2589 803 2621; x_wconf 85' lang='grc'><strong><em>,</em></strong></span> <span class='ocrx_word' id='word_1_210' title='bbox 844 2534 1106 2625; x_wconf 76' lang='grc' dir='ltr'><strong><em>ἇφεῖναι</em></strong></span> <span class='ocrx_word' id='word_1_211' title='bbox 1133 2542 1241 2606; x_wconf 71' lang='grc' dir='ltr'><strong><em>ἐπὶ</em></strong></span> <span class='ocrx_word' id='word_1_212' title='bbox 1278 2544 1397 2604; x_wconf 80' lang='grc' dir='ltr'><strong><em>τοῦ</em></strong></span> <span class='ocrx_word' id='word_1_213' title='bbox 1450 2539 1759 2624; x_wconf 74' lang='grc' dir='ltr'><strong><em>πελάγους</em></strong></span> <span class='ocrx_word' id='word_1_214' title='bbox 1805 2541 2167 2610; x_wconf 71' lang='grc' dir='ltr'><strong><em>ἀποστάντα</em></strong></span> <span class='ocrx_word' id='word_1_215' title='bbox 2187 2594 2210 2626; x_wconf 91' lang='grc'><strong><em>,</em></strong></span> <span class='ocrx_word' id='word_1_216' title='bbox 2266 2549 2417 2608; x_wconf 81' lang='grc' dir='ltr'><strong><em>κλυ-</em></strong></span> 
     </span>
    </p>
   </div>
   <div class='ocr_carea' id='block_1_3' title="bbox 398 2690 2418 2833">
    <p class='ocr_par' dir='ltr' id='par_1_3' title="bbox 398 2690 2418 2833">
     <span class='ocr_line' id='line_1_24' title="bbox 398 2690 2418 2766; baseline 0.004 -27"><span class='ocrx_word' id='word_1_217' title='bbox 398 2691 451 2746; x_wconf 82' lang='grc'><strong><em>8.</em></strong></span> <span class='ocrx_word' id='word_1_218' title='bbox 520 2691 687 2758; x_wconf 85' lang='lat' dir='ltr'><strong>Intpr.</strong></span> <span class='ocrx_word' id='word_1_219' title='bbox 727 2709 857 2743; x_wconf 88' lang='lat' dir='ltr'><strong>corr.</strong></span> <span class='ocrx_word' id='word_1_220' title='bbox 884 2690 1345 2760; x_wconf 82' lang='grc' dir='ltr'><strong><em>μεγαλοψυχίαν,</em></strong></span> <span class='ocrx_word' id='word_1_221' title='bbox 1384 2690 1479 2743; x_wconf 85' lang='lat' dir='ltr'><strong><em>sed</em></strong></span> <span class='ocrx_word' id='word_1_222' title='bbox 1515 2694 1709 2744; x_wconf 88' lang='lat' dir='ltr'><strong>melius</strong></span> <span class='ocrx_word' id='word_1_223' title='bbox 1725 2711 1792 2746; x_wconf 83' lang='lat' dir='ltr'><strong><em>ex</em></strong></span> <span class='ocrx_word' id='word_1_224' title='bbox 1808 2694 2180 2765; x_wconf 84' lang='lat' dir='ltr'><strong>superioribus</strong></span> <span class='ocrx_word' id='word_1_225' title='bbox 2205 2709 2418 2766; x_wconf 81' lang='grc' dir='ltr'><strong><em>μικρο-</em></strong></span> 
     </span>
     <span class='ocr_line' id='line_1_25' title="bbox 400 2759 1773 2833; baseline 0.002 -23"><span class='ocrx_word' id='word_1_226' title='bbox 400 2759 651 2825; x_wconf 77' lang='grc' dir='ltr'><strong><em>λυπίαν,</em></strong></span> <span class='ocrx_word' id='word_1_227' title='bbox 687 2760 835 2833; x_wconf 87' lang='lat' dir='ltr'><strong>quod</strong></span> <span class='ocrx_word' id='word_1_228' title='bbox 867 2761 1091 2814; x_wconf 79' lang='lat' dir='ltr'><strong>Nicetae</strong></span> <span class='ocrx_word' id='word_1_229' title='bbox 1118 2762 1344 2813; x_wconf 88' lang='lat' dir='ltr'><strong>verbum</strong></span> <span class='ocrx_word' id='word_1_230' title='bbox 1377 2768 1473 2812; x_wconf 83' lang='lat' dir='ltr'><strong>est.</strong></span> <span class='ocrx_word' id='word_1_231' title='bbox 1546 2763 1666 2815; x_wconf 81' lang='grc' dir='ltr'><strong><em>ΕΒ.</em></strong></span> <span class='ocrx_word' id='word_1_232' title='bbox 1708 2765 1773 2818; x_wconf 83' lang='lat' dir='ltr'><strong><em>P.</em></strong></span> 
     </span>
    </p>
   </div>
   <div class='ocr_carea' id='block_1_4' title="bbox 246 2863 2420 4282">
    <p class='ocr_par' dir='ltr' id='par_1_4' title="bbox 246 2863 2420 4282">
     <span class='ocr_line' id='line_1_26' title="bbox 259 2863 2420 2939; baseline 0 -22"><span class='ocrx_word' id='word_1_233' title='bbox 259 2880 482 2936; x_wconf 84' lang='lat' dir='ltr'><strong>quoque</strong></span> <span class='ocrx_word' id='word_1_234' title='bbox 514 2871 570 2918; x_wconf 83' lang='lat' dir='ltr'><strong><em>te</em></strong></span> <span class='ocrx_word' id='word_1_235' title='bbox 617 2866 850 2918; x_wconf 86' lang='lat' dir='ltr'><strong>amicum</strong></span> <span class='ocrx_word' id='word_1_236' title='bbox 896 2881 1184 2934; x_wconf 76' lang='lat' dir='ltr'>agnoscere</span> <span class='ocrx_word' id='word_1_237' title='bbox 1224 2863 1399 2918; x_wconf 84' lang='lat' dir='ltr'><strong>desii:</strong></span> <span class='ocrx_word' id='word_1_238' title='bbox 1453 2873 1510 2917; x_wconf 87' lang='lat' dir='ltr'><strong><em>et</em></strong></span> <span class='ocrx_word' id='word_1_239' title='bbox 1554 2874 1706 2919; x_wconf 81' lang='lat' dir='ltr'><strong>vetus</strong></span> <span class='ocrx_word' id='word_1_240' title='bbox 1755 2865 2028 2939; x_wconf 84' lang='lat' dir='ltr'><strong>quoddam</strong></span> <span class='ocrx_word' id='word_1_241' title='bbox 2062 2868 2204 2920; x_wconf 79' lang='lat' dir='ltr'><strong>vitae</strong></span> <span class='ocrx_word' id='word_1_242' title='bbox 2254 2866 2420 2920; x_wconf 84' lang='lat' dir='ltr'><strong>insti-</strong></span> 
     </span>
     <span class='ocr_line' id='line_1_27' title="bbox 254 2934 2416 3001; baseline 0.001 -14"><span class='ocrx_word' id='word_1_243' title='bbox 254 2943 439 2988; x_wconf 88' lang='lat' dir='ltr'><strong>tutum</strong></span> <span class='ocrx_word' id='word_1_244' title='bbox 466 2934 604 2988; x_wconf 82' lang='lat' dir='ltr'><strong>mihi</strong></span> <span class='ocrx_word' id='word_1_245' title='bbox 650 2936 995 2998; x_wconf 74' lang='lat' dir='ltr'><strong>custodIens,</strong></span> <span class='ocrx_word' id='word_1_246' title='bbox 1032 2945 1094 2988; x_wconf 90' lang='lat' dir='ltr'><strong>ut</strong></span> <span class='ocrx_word' id='word_1_247' title='bbox 1129 2936 1335 2990; x_wconf 86' lang='lat' dir='ltr'><strong>nemini</strong></span> <span class='ocrx_word' id='word_1_248' title='bbox 1372 2935 1584 2990; x_wconf 87' lang='lat' dir='ltr'><strong>scilicet</strong></span> <span class='ocrx_word' id='word_1_249' title='bbox 1621 2936 1878 2991; x_wconf 88' lang='lat' dir='ltr'><strong>inimicus</strong></span> <span class='ocrx_word' id='word_1_250' title='bbox 1906 2940 2042 3001; x_wconf 83' lang='lat' dir='ltr'><strong>sim,</strong></span> <span class='ocrx_word' id='word_1_251' title='bbox 2078 2955 2148 2990; x_wconf 88' lang='lat' dir='ltr'><strong><em>ne</em></strong></span> <span class='ocrx_word' id='word_1_252' title='bbox 2189 2954 2257 2989; x_wconf 91' lang='lat' dir='ltr'><strong><em>ue</em></strong></span> <span class='ocrx_word' id='word_1_253' title='bbox 2305 2937 2416 2991; x_wconf 84' lang='lat' dir='ltr'><strong>tibi</strong></span> 
     </span>
     <span class='ocr_line' id='line_1_28' title="bbox 255 3006 2414 3079; baseline -0 -20"><span class='ocrx_word' id='word_1_254' title='bbox 255 3006 518 3059; x_wconf 83' lang='lat' dir='ltr'><strong>hactenus</strong></span> <span class='ocrx_word' id='word_1_255' title='bbox 561 3007 676 3071; x_wconf 81' lang='lat' dir='ltr'><strong>sui,</strong></span> <span class='ocrx_word' id='word_1_256' title='bbox 713 3024 783 3059; x_wconf 91' lang='lat' dir='ltr'><strong><em>ne</em></strong></span> <span class='ocrx_word' id='word_1_257' title='bbox 827 3023 892 3057; x_wconf 90' lang='lat' dir='ltr'><strong><em>ue</em></strong></span> <span class='ocrx_word' id='word_1_258' title='bbox 940 3008 1000 3058; x_wconf 92' lang='lat' dir='ltr'><strong><em>in</em></strong></span> <span class='ocrx_word' id='word_1_259' title='bbox 1029 3014 1301 3078; x_wconf 86' lang='lat' dir='ltr'><strong>posterum</strong></span> <span class='ocrx_word' id='word_1_260' title='bbox 1344 3023 1472 3060; x_wconf 83' lang='lat' dir='ltr'><strong>ero:</strong></span> <span class='ocrx_word' id='word_1_261' title='bbox 1520 3016 1575 3060; x_wconf 86' lang='lat' dir='ltr'><strong><em>et</em></strong></span> <span class='ocrx_word' id='word_1_262' title='bbox 1627 3008 1897 3077; x_wconf 86' lang='lat' dir='ltr'><strong>quomodo</strong></span> <span class='ocrx_word' id='word_1_263' title='bbox 1933 3009 2125 3079; x_wconf 90' lang='lat' dir='ltr'><strong>inique</strong></span> <span class='ocrx_word' id='word_1_264' title='bbox 2229 3024 2414 3071; x_wconf 86' lang='lat' dir='ltr'><strong>esum,</strong></span> 
     </span>
     <span class='ocr_line' id='line_1_29' title="bbox 254 3076 2411 3150; baseline -0.001 -20"><span class='ocrx_word' id='word_1_265' title='bbox 254 3086 323 3130; x_wconf 82' lang='lat' dir='ltr'><strong>ut</strong></span> <span class='ocrx_word' id='word_1_266' title='bbox 392 3076 607 3139; x_wconf 87' lang='lat' dir='ltr'><strong>romisi,</strong></span> <span class='ocrx_word' id='word_1_267' title='bbox 644 3094 756 3129; x_wconf 91' lang='lat' dir='ltr'><strong><em>non</em></strong></span> <span class='ocrx_word' id='word_1_268' title='bbox 838 3094 1073 3130; x_wconf 85' lang='lat' dir='ltr'><strong>eseram:</strong></span> <span class='ocrx_word' id='word_1_269' title='bbox 1110 3077 1189 3129; x_wconf 87' lang='lat' dir='ltr'><strong><em>sic</em></strong></span> <span class='ocrx_word' id='word_1_270' title='bbox 1222 3078 1409 3150; x_wconf 88' lang='lat' dir='ltr'><strong>inique</strong></span> <span class='ocrx_word' id='word_1_271' title='bbox 1440 3077 1745 3132; x_wconf 83' lang='lat' dir='ltr'><strong>laedentem</strong></span> <span class='ocrx_word' id='word_1_272' title='bbox 1788 3078 2101 3131; x_wconf 78' lang='lat' dir='ltr'>discrimine</span> <span class='ocrx_word' id='word_1_273' title='bbox 2138 3076 2285 3129; x_wconf 88' lang='lat' dir='ltr'><strong>haud</strong></span> <span class='ocrx_word' id='word_1_274' title='bbox 2312 3095 2411 3129; x_wconf 78' lang='lat' dir='ltr'><strong><em>ex-</em></strong></span> 
     </span>
     <span class='ocr_line' id='line_1_30' title="bbox 252 3095 2411 3220; baseline 0 -19"><span class='ocrx_word' id='word_1_275' title='bbox 252 3095 494 3220; x_wconf 50' lang='lat' dir='ltr'><strong>pedfi’an.</strong></span> <span class='ocrx_word' id='word_1_276' title='bbox 563 3147 734 3217; x_wconf 79' lang='lat' dir='ltr'>Igitur</span> <span class='ocrx_word' id='word_1_277' title='bbox 770 3164 889 3199; x_wconf 89' lang='lat' dir='ltr'><strong><em>cum</em></strong></span> <span class='ocrx_word' id='word_1_278' title='bbox 938 3146 1230 3218; x_wconf 87' lang='lat' dir='ltr'><strong>prudentia</strong></span> <span class='ocrx_word' id='word_1_279' title='bbox 1271 3158 1328 3200; x_wconf 85' lang='lat' dir='ltr'><strong><em>et</em></strong></span> <span class='ocrx_word' id='word_1_280' title='bbox 1352 3166 1530 3201; x_wconf 88' lang='lat' dir='ltr'><strong>rerum</strong></span> <span class='ocrx_word' id='word_1_281' title='bbox 1574 3149 1970 3220; x_wconf 85' lang='lat' dir='ltr'><strong>verborumque</strong></span> <span class='ocrx_word' id='word_1_282' title='bbox 2020 3148 2411 3202; x_wconf 76' lang='lat' dir='ltr'><strong>exercitatione</strong></span> 
     </span>
     <span class='ocr_line' id='line_1_31' title="bbox 252 3216 2411 3289; baseline -0 -16"><span class='ocrx_word' id='word_1_283' title='bbox 252 3218 430 3274; x_wconf 75' lang='lat' dir='ltr'><strong>valeas</strong></span> <span class='ocrx_word' id='word_1_284' title='bbox 451 3255 468 3282; x_wconf 89' lang='lat'>,</span> <span class='ocrx_word' id='word_1_285' title='bbox 506 3216 957 3289; x_wconf 80' lang='lat' dir='ltr'><strong>quemadmodum</strong></span> <span class='ocrx_word' id='word_1_286' title='bbox 998 3218 1101 3273; x_wconf 81' lang='lat' dir='ltr'><strong>tibi</strong></span> <span class='ocrx_word' id='word_1_287' title='bbox 1136 3217 1379 3282; x_wconf 83' lang='lat' dir='ltr'><strong>videtur,</strong></span> <span class='ocrx_word' id='word_1_288' title='bbox 1424 3221 1503 3272; x_wconf 88' lang='lat' dir='ltr'><strong><em>sic</em></strong></span> <span class='ocrx_word' id='word_1_289' title='bbox 1534 3236 1647 3289; x_wconf 81' lang='lat' dir='ltr'><strong>age.</strong></span> <span class='ocrx_word' id='word_1_290' title='bbox 1718 3219 2067 3289; x_wconf 75' lang='lat' dir='ltr'><strong>Syrgiannem</strong></span> <span class='ocrx_word' id='word_1_291' title='bbox 2091 3220 2259 3274; x_wconf 76' lang='lat' dir='ltr'><strong>illico</strong></span> <span class='ocrx_word' id='word_1_292' title='bbox 2295 3236 2411 3272; x_wconf 87' lang='lat' dir='ltr'><strong><em>non</em></strong></span> 
     </span>
     <span class='ocr_line' id='line_1_32' title="bbox 250 3286 2409 3362; baseline 0 -20"><span class='ocrx_word' id='word_1_293' title='bbox 250 3306 445 3359; x_wconf 85' lang='lat' dir='ltr'><strong>parum</strong></span> <span class='ocrx_word' id='word_1_294' title='bbox 483 3286 619 3341; x_wconf 83' lang='lat' dir='ltr'><strong>haec</strong></span> <span class='ocrx_word' id='word_1_295' title='bbox 673 3288 1016 3341; x_wconf 84' lang='lat' dir='ltr'><strong>conturbavit</strong></span> <span class='ocrx_word' id='word_1_296' title='bbox 1064 3291 1269 3352; x_wconf 87' lang='lat' dir='ltr'><strong>oratio,</strong></span> <span class='ocrx_word' id='word_1_297' title='bbox 1310 3291 1706 3343; x_wconf 81' lang='lat' dir='ltr'><strong>existimantem</strong></span> <span class='ocrx_word' id='word_1_298' title='bbox 1747 3308 1804 3348; x_wconf 83' lang='lat' dir='ltr'><strong><em>se</em></strong></span> <span class='ocrx_word' id='word_1_299' title='bbox 1843 3292 1951 3342; x_wconf 83' lang='lat' dir='ltr'><strong><em>iam</em></strong></span> <span class='ocrx_word' id='word_1_300' title='bbox 1994 3289 2145 3342; x_wconf 89' lang='lat' dir='ltr'><strong>velut</strong></span> <span class='ocrx_word' id='word_1_301' title='bbox 2181 3290 2239 3341; x_wconf 92' lang='lat' dir='ltr'><strong><em>in</em></strong></span> <span class='ocrx_word' id='word_1_302' title='bbox 2277 3290 2409 3362; x_wconf 86' lang='lat' dir='ltr'><strong>ipsis</strong></span> 
     </span>
     <span class='ocr_line' id='line_1_33' title="bbox 251 3359 2412 3430; baseline 0 -18"><span class='ocrx_word' id='word_1_303' title='bbox 251 3359 485 3429; x_wconf 83' lang='lat' dir='ltr'><strong>periculi</strong></span> <span class='ocrx_word' id='word_1_304' title='bbox 517 3359 767 3412; x_wconf 78' lang='lat' dir='ltr'><strong>faucibus</strong></span> <span class='ocrx_word' id='word_1_305' title='bbox 793 3360 1009 3412; x_wconf 85' lang='lat' dir='ltr'><strong>versari.</strong></span> <span class='ocrx_word' id='word_1_306' title='bbox 1083 3359 1289 3412; x_wconf 80' lang='lat' dir='ltr'><strong>Tamen</strong></span> <span class='ocrx_word' id='word_1_307' title='bbox 1322 3362 1523 3413; x_wconf 88' lang='lat' dir='ltr'><strong>iterum</strong></span> <span class='ocrx_word' id='word_1_308' title='bbox 1546 3361 1848 3430; x_wconf 79' lang='lat' dir='ltr'><strong>experiens,</strong></span> <span class='ocrx_word' id='word_1_309' title='bbox 1886 3363 1933 3413; x_wconf 86' lang='lat' dir='ltr'><strong><em>si</em></strong></span> <span class='ocrx_word' id='word_1_310' title='bbox 1967 3369 2152 3430; x_wconf 86' lang='lat' dir='ltr'><strong>posset</strong></span> <span class='ocrx_word' id='word_1_311' title='bbox 2174 3359 2412 3424; x_wconf 77' lang='lat' dir='ltr'><strong>efficere,</strong></span> 
     </span>
     <span class='ocr_line' id='line_1_34' title="bbox 253 3428 2410 3512; baseline 0 -30"><span class='ocrx_word' id='word_1_312' title='bbox 253 3438 319 3482; x_wconf 86' lang='lat' dir='ltr'><strong>ut</strong></span> <span class='ocrx_word' id='word_1_313' title='bbox 338 3428 434 3484; x_wconf 87' lang='lat' dir='ltr'><strong>ille</strong></span> <span class='ocrx_word' id='word_1_314' title='bbox 463 3431 546 3482; x_wconf 86' lang='lat' dir='ltr'><strong><em>ira</em></strong></span> <span class='ocrx_word' id='word_1_315' title='bbox 577 3429 856 3512; x_wconf 72' lang='lat' dir='ltr'><strong>deposita,</strong></span> <span class='ocrx_word' id='word_1_316' title='bbox 893 3429 1244 3483; x_wconf 77' lang='lat' dir='ltr'><strong>formidatum</strong></span> <span class='ocrx_word' id='word_1_317' title='bbox 1274 3447 1305 3482; x_wconf 89' lang='lat' dir='ltr'><strong>a</strong></span> <span class='ocrx_word' id='word_1_318' title='bbox 1344 3447 1402 3483; x_wconf 86' lang='lat' dir='ltr'><strong><em>se</em></strong></span> <span class='ocrx_word' id='word_1_319' title='bbox 1430 3432 1635 3484; x_wconf 84' lang='lat' dir='ltr'><strong>malum</strong></span> <span class='ocrx_word' id='word_1_320' title='bbox 1670 3431 1987 3500; x_wconf 86' lang='lat' dir='ltr'><strong>depelleret,</strong></span> <span class='ocrx_word' id='word_1_321' title='bbox 2021 3430 2273 3503; x_wconf 86' lang='lat' dir='ltr'><strong>equidem</strong></span> <span class='ocrx_word' id='word_1_322' title='bbox 2302 3447 2410 3498; x_wconf 89' lang='lat' dir='ltr'><strong>pu·-</strong></span> 
     </span>
     <span class='ocr_line' id='line_1_35' title="bbox 252 3498 2408 3573; baseline 0.001 -23"><span class='ocrx_word' id='word_1_323' title='bbox 252 3498 466 3562; x_wconf 77' lang='lat' dir='ltr'><strong>tabam,</strong></span> <span class='ocrx_word' id='word_1_324' title='bbox 503 3501 719 3572; x_wconf 76' lang='lat' dir='ltr'><strong>inquit,</strong></span> <span class='ocrx_word' id='word_1_325' title='bbox 758 3509 813 3553; x_wconf 85' lang='lat' dir='ltr'><strong><em>te</em></strong></span> <span class='ocrx_word' id='word_1_326' title='bbox 838 3507 1055 3569; x_wconf 81' lang='lat' dir='ltr'><strong>peccata</strong></span> <span class='ocrx_word' id='word_1_327' title='bbox 1082 3517 1203 3554; x_wconf 87' lang='lat' dir='ltr'><strong><em>mea</em></strong></span> <span class='ocrx_word' id='word_1_328' title='bbox 1246 3501 1424 3554; x_wconf 86' lang='lat' dir='ltr'><strong>verbis</strong></span> <span class='ocrx_word' id='word_1_329' title='bbox 1460 3510 1620 3555; x_wconf 87' lang='lat' dir='ltr'><strong>tenus</strong></span> <span class='ocrx_word' id='word_1_330' title='bbox 1653 3503 2006 3573; x_wconf 84' lang='lat' dir='ltr'><strong>puniturum:</strong></span> <span class='ocrx_word' id='word_1_331' title='bbox 2039 3520 2142 3554; x_wconf 89' lang='lat' dir='ltr'><strong><em>nec</em></strong></span> <span class='ocrx_word' id='word_1_332' title='bbox 2173 3501 2244 3554; x_wconf 91' lang='lat' dir='ltr'><strong><em>ob</em></strong></span> <span class='ocrx_word' id='word_1_333' title='bbox 2283 3502 2408 3552; x_wconf 85' lang='lat' dir='ltr'><strong>ani·-</strong></span> 
     </span>
     <span class='ocr_line' id='line_1_36' title="bbox 253 3569 2411 3644; baseline 0.001 -25"><span class='ocrx_word' id='word_1_334' title='bbox 253 3584 401 3620; x_wconf 88' lang='lat' dir='ltr'><strong><em>mum</em></strong></span> <span class='ocrx_word' id='word_1_335' title='bbox 428 3587 779 3639; x_wconf 82' lang='lat' dir='ltr'><strong>generosum,</strong></span> <span class='ocrx_word' id='word_1_336' title='bbox 816 3569 889 3623; x_wconf 88' lang='lat' dir='ltr'><strong><em>ob</em></strong></span> <span class='ocrx_word' id='word_1_337' title='bbox 923 3588 1085 3642; x_wconf 85' lang='lat' dir='ltr'><strong>quem</strong></span> <span class='ocrx_word' id='word_1_338' title='bbox 1132 3572 1264 3624; x_wconf 87' lang='lat' dir='ltr'><strong>alias</strong></span> <span class='ocrx_word' id='word_1_339' title='bbox 1299 3574 1461 3625; x_wconf 81' lang='lat' dir='ltr'><strong>toties</strong></span> <span class='ocrx_word' id='word_1_340' title='bbox 1487 3571 1625 3625; x_wconf 84' lang='lat' dir='ltr'><strong>mihi</strong></span> <span class='ocrx_word' id='word_1_341' title='bbox 1658 3574 1913 3644; x_wconf 78' lang='lat' dir='ltr'><strong>ignovisti</strong></span> <span class='ocrx_word' id='word_1_342' title='bbox 1933 3611 1951 3638; x_wconf 88' lang='lat'>‚</span> <span class='ocrx_word' id='word_1_343' title='bbox 2002 3571 2411 3626; x_wconf 74' lang='lat' dir='ltr'><strong>calumniatori-</strong></span> 
     </span>
     <span class='ocr_line' id='line_1_37' title="bbox 252 3637 2409 3713; baseline 0 -21"><span class='ocrx_word' id='word_1_344' title='bbox 252 3637 358 3692; x_wconf 84' lang='lat' dir='ltr'><strong>bus</strong></span> <span class='ocrx_word' id='word_1_345' title='bbox 384 3639 543 3693; x_wconf 86' lang='lat' dir='ltr'><strong>modo</strong></span> <span class='ocrx_word' id='word_1_346' title='bbox 573 3641 931 3695; x_wconf 72' lang='lat' dir='ltr'><strong>obiecturum,</strong></span> <span class='ocrx_word' id='word_1_347' title='bbox 1018 3640 1126 3694; x_wconf 86' lang='lat' dir='ltr'><strong><em>Sed</em></strong></span> <span class='ocrx_word' id='word_1_348' title='bbox 1164 3643 1271 3693; x_wconf 84' lang='lat' dir='ltr'><strong><em>iam</em></strong></span> <span class='ocrx_word' id='word_1_349' title='bbox 1300 3660 1386 3695; x_wconf 87' lang='lat' dir='ltr'><strong><em>me</em></strong></span> <span class='ocrx_word' id='word_1_350' title='bbox 1418 3642 1564 3697; x_wconf 84' lang='lat' dir='ltr'><strong>nihil</strong></span> <span class='ocrx_word' id='word_1_351' title='bbox 1587 3644 1869 3713; x_wconf 86' lang='lat' dir='ltr'><strong>perditius.</strong></span> <span class='ocrx_word' id='word_1_352' title='bbox 1954 3642 2013 3695; x_wconf 92' lang='lat' dir='ltr'><strong><em>Si</em></strong></span> <span class='ocrx_word' id='word_1_353' title='bbox 2060 3643 2207 3695; x_wconf 87' lang='lat' dir='ltr'><strong>enim</strong></span> <span class='ocrx_word' id='word_1_354' title='bbox 2245 3640 2409 3710; x_wconf 85' lang='lat' dir='ltr'><strong>plane</strong></span> 
     </span>
     <span class='ocr_line' id='line_1_38' title="bbox 252 3708 2408 3782; baseline 0.001 -22"><span class='ocrx_word' id='word_1_355' title='bbox 252 3708 498 3772; x_wconf 79' lang='lat' dir='ltr'><strong>credam,</strong></span> <span class='ocrx_word' id='word_1_356' title='bbox 531 3711 637 3765; x_wconf 86' lang='lat' dir='ltr'><strong>tibi</strong></span> <span class='ocrx_word' id='word_1_357' title='bbox 681 3711 993 3782; x_wconf 78' lang='lat' dir='ltr'><strong>persuaderi</strong></span> <span class='ocrx_word' id='word_1_358' title='bbox 1018 3730 1129 3765; x_wconf 90' lang='lat' dir='ltr'><strong><em>non</em></strong></span> <span class='ocrx_word' id='word_1_359' title='bbox 1166 3730 1322 3782; x_wconf 80' lang='lat' dir='ltr'><strong>posse</strong></span> <span class='ocrx_word' id='word_1_360' title='bbox 1342 3751 1359 3779; x_wconf 88' lang='lat'>,</span> <span class='ocrx_word' id='word_1_361' title='bbox 1392 3721 1456 3766; x_wconf 89' lang='lat' dir='ltr'><strong>ut</strong></span> <span class='ocrx_word' id='word_1_362' title='bbox 1506 3714 1640 3767; x_wconf 86' lang='lat' dir='ltr'><strong>iram</strong></span> <span class='ocrx_word' id='word_1_363' title='bbox 1689 3713 1971 3768; x_wconf 82' lang='lat' dir='ltr'><strong>adversum</strong></span> <span class='ocrx_word' id='word_1_364' title='bbox 2001 3730 2087 3765; x_wconf 90' lang='lat' dir='ltr'><strong><em>me</em></strong></span> <span class='ocrx_word' id='word_1_365' title='bbox 2136 3712 2408 3775; x_wconf 80' lang='lat' dir='ltr'><strong>remittas,</strong></span> 
     </span>
     <span class='ocr_line' id='line_1_39' title="bbox 250 3778 2407 3856; baseline 0.001 -24"><span class='ocrx_word' id='word_1_366' title='bbox 250 3778 590 3850; x_wconf 81' lang='lat' dir='ltr'><strong>perindeque</strong></span> <span class='ocrx_word' id='word_1_367' title='bbox 644 3791 706 3834; x_wconf 90' lang='lat' dir='ltr'><strong>ut</strong></span> <span class='ocrx_word' id='word_1_368' title='bbox 743 3791 903 3834; x_wconf 86' lang='lat' dir='ltr'><strong>antea</strong></span> <span class='ocrx_word' id='word_1_369' title='bbox 956 3801 1111 3836; x_wconf 86' lang='lat' dir='ltr'><strong>curae</strong></span> <span class='ocrx_word' id='word_1_370' title='bbox 1145 3781 1378 3848; x_wconf 79' lang='lat' dir='ltr'><strong>habeas,</strong></span> <span class='ocrx_word' id='word_1_371' title='bbox 1432 3783 1568 3854; x_wconf 83' lang='lat' dir='ltr'><strong>quid</strong></span> <span class='ocrx_word' id='word_1_372' title='bbox 1599 3793 1872 3856; x_wconf 85' lang='lat' dir='ltr'><strong>superest,</strong></span> <span class='ocrx_word' id='word_1_373' title='bbox 1922 3784 2028 3837; x_wconf 87' lang='lat' dir='ltr'><strong>nisi</strong></span> <span class='ocrx_word' id='word_1_374' title='bbox 2075 3791 2137 3834; x_wconf 85' lang='lat' dir='ltr'><strong>ut</strong></span> <span class='ocrx_word' id='word_1_375' title='bbox 2169 3789 2407 3834; x_wconf 73' lang='lat' dir='ltr'><strong>extrema</strong></span> 
     </span>
     <span class='ocr_line' id='line_1_40' title="bbox 253 3850 2405 3924; baseline 0 -18"><span class='ocrx_word' id='word_1_376' title='bbox 253 3850 602 3920; x_wconf 81' lang='lat' dir='ltr'><strong>exspectem?</strong></span> <span class='ocrx_word' id='word_1_377' title='bbox 631 3851 724 3904; x_wconf 84' lang='lat' dir='ltr'><strong><em>Nil</em></strong></span> <span class='ocrx_word' id='word_1_378' title='bbox 766 3869 900 3921; x_wconf 87' lang='lat' dir='ltr'><strong>opus</strong></span> <span class='ocrx_word' id='word_1_379' title='bbox 932 3861 1045 3916; x_wconf 87' lang='lat' dir='ltr'><strong>est,</strong></span> <span class='ocrx_word' id='word_1_380' title='bbox 1080 3855 1268 3924; x_wconf 87' lang='lat' dir='ltr'><strong>inquit</strong></span> <span class='ocrx_word' id='word_1_381' title='bbox 1309 3872 1529 3924; x_wconf 85' lang='lat' dir='ltr'><strong>magnus</strong></span> <span class='ocrx_word' id='word_1_382' title='bbox 1589 3854 1953 3916; x_wconf 81' lang='lat' dir='ltr'><strong>domesticus,</strong></span> <span class='ocrx_word' id='word_1_383' title='bbox 2000 3853 2405 3922; x_wconf 77' lang='lat' dir='ltr'><strong>supervacaneis</strong></span> 
     </span>
     <span class='ocr_line' id='line_1_41' title="bbox 250 3921 2406 3994; baseline -0.001 -18"><span class='ocrx_word' id='word_1_384' title='bbox 250 3921 609 3976; x_wconf 67' lang='lat' dir='ltr'><strong>sermonibus.</strong></span> <span class='ocrx_word' id='word_1_385' title='bbox 692 3922 824 3975; x_wconf 82' lang='lat' dir='ltr'><strong>Nam</strong></span> <span class='ocrx_word' id='word_1_386' title='bbox 860 3932 917 3977; x_wconf 91' lang='lat' dir='ltr'><strong><em>et</em></strong></span> <span class='ocrx_word' id='word_1_387' title='bbox 955 3932 1081 3977; x_wconf 86' lang='lat' dir='ltr'><strong>ante</strong></span> <span class='ocrx_word' id='word_1_388' title='bbox 1118 3925 1499 3994; x_wconf 72' lang='lat' dir='ltr'><strong>complusculis</strong></span> <span class='ocrx_word' id='word_1_389' title='bbox 1539 3926 1715 3978; x_wconf 84' lang='lat' dir='ltr'><strong>verbis</strong></span> <span class='ocrx_word' id='word_1_390' title='bbox 1745 3932 1982 3977; x_wconf 84' lang='lat' dir='ltr'><strong>mentem</strong></span> <span class='ocrx_word' id='word_1_391' title='bbox 2020 3941 2194 3976; x_wconf 90' lang='lat' dir='ltr'><strong>meam</strong></span> <span class='ocrx_word' id='word_1_392' title='bbox 2228 3923 2406 3992; x_wconf 84' lang='lat' dir='ltr'><strong>expli-</strong></span> 
     </span>
     <span class='ocr_line' id='line_1_42' title="bbox 251 3992 2409 4063; baseline -0 -18"><span class='ocrx_word' id='word_1_393' title='bbox 251 3993 373 4045; x_wconf 82' lang='lat' dir='ltr'><strong>cavi</strong></span> <span class='ocrx_word' id='word_1_394' title='bbox 404 3998 462 4042; x_wconf 88' lang='lat' dir='ltr'><strong><em>et</em></strong></span> <span class='ocrx_word' id='word_1_395' title='bbox 494 4009 640 4043; x_wconf 85' lang='lat' dir='ltr'><strong>nunc</strong></span> <span class='ocrx_word' id='word_1_396' title='bbox 686 3992 862 4047; x_wconf 87' lang='lat' dir='ltr'><strong>nihilo</strong></span> <span class='ocrx_word' id='word_1_397' title='bbox 894 3994 1069 4047; x_wconf 88' lang='lat' dir='ltr'><strong>minus</strong></span> <span class='ocrx_word' id='word_1_398' title='bbox 1114 3994 1260 4047; x_wconf 87' lang='lat' dir='ltr'><strong>idem</strong></span> <span class='ocrx_word' id='word_1_399' title='bbox 1304 3995 1520 4054; x_wconf 76' lang='lat' dir='ltr'><strong>faciam.</strong></span> <span class='ocrx_word' id='word_1_400' title='bbox 1587 3994 1714 4048; x_wconf 91' lang='lat' dir='ltr'><strong><em>Non</em></strong></span> <span class='ocrx_word' id='word_1_401' title='bbox 1758 3998 1866 4049; x_wconf 88' lang='lat' dir='ltr'><strong>erit</strong></span> <span class='ocrx_word' id='word_1_402' title='bbox 1892 4011 2054 4063; x_wconf 83' lang='lat' dir='ltr'><strong>porro</strong></span> <span class='ocrx_word' id='word_1_403' title='bbox 2081 3994 2409 4057; x_wconf 87' lang='lat' dir='ltr'><strong>absurdum,</strong></span> 
     </span>
     <span class='ocr_line' id='line_1_43' title="bbox 249 4061 2413 4138; baseline -0.001 -22"><span class='ocrx_word' id='word_1_404' title='bbox 249 4063 300 4116; x_wconf 85' lang='lat' dir='ltr'><strong><em>si</em></strong></span> <span class='ocrx_word' id='word_1_405' title='bbox 333 4079 446 4115; x_wconf 89' lang='lat' dir='ltr'><strong><em>rem</em></strong></span> <span class='ocrx_word' id='word_1_406' title='bbox 475 4061 721 4132; x_wconf 83' lang='lat' dir='ltr'><strong>exemplo</strong></span> <span class='ocrx_word' id='word_1_407' title='bbox 771 4064 1130 4123; x_wconf 78' lang='lat' dir='ltr'><strong>declaravere.</strong></span> <span class='ocrx_word' id='word_1_408' title='bbox 1196 4066 1288 4118; x_wconf 82' lang='lat' dir='ltr'><strong><em>Me</em></strong></span> <span class='ocrx_word' id='word_1_409' title='bbox 1321 4074 1548 4135; x_wconf 86' lang='lat' dir='ltr'><strong>petrae,</strong></span> <span class='ocrx_word' id='word_1_410' title='bbox 1601 4065 2052 4138; x_wconf 80' lang='lat' dir='ltr'><strong>tranquillissimo</strong></span> <span class='ocrx_word' id='word_1_411' title='bbox 2088 4065 2271 4136; x_wconf 89' lang='lat' dir='ltr'><strong>portui</strong></span> <span class='ocrx_word' id='word_1_412' title='bbox 2310 4061 2413 4114; x_wconf 86' lang='lat' dir='ltr'><strong><em>ad-</em></strong></span> 
     </span>
     <span class='ocr_line' id='line_1_44' title="bbox 246 4131 2411 4206; baseline -0 -20"><span class='ocrx_word' id='word_1_413' title='bbox 246 4131 623 4200; x_wconf 84' lang='lat' dir='ltr'><strong>haerescenti,</strong></span> <span class='ocrx_word' id='word_1_414' title='bbox 673 4141 727 4184; x_wconf 83' lang='lat' dir='ltr'><strong><em>te</em></strong></span> <span class='ocrx_word' id='word_1_415' title='bbox 780 4136 994 4206; x_wconf 82' lang='lat' dir='ltr'><strong>navigio</strong></span> <span class='ocrx_word' id='word_1_416' title='bbox 1025 4135 1248 4190; x_wconf 84' lang='lat' dir='ltr'><strong>funibus</strong></span> <span class='ocrx_word' id='word_1_417' title='bbox 1290 4135 1469 4190; x_wconf 88' lang='lat' dir='ltr'><strong>eidem</strong></span> <span class='ocrx_word' id='word_1_418' title='bbox 1506 4136 1728 4206; x_wconf 81' lang='lat' dir='ltr'><strong>alligato</strong></span> <span class='ocrx_word' id='word_1_419' title='bbox 1771 4144 1827 4191; x_wconf 82' lang='lat' dir='ltr'><strong><em>et</em></strong></span> <span class='ocrx_word' id='word_1_420' title='bbox 1896 4136 2225 4191; x_wconf 88' lang='lat' dir='ltr'><strong>lacidissimo</strong></span> <span class='ocrx_word' id='word_1_421' title='bbox 2262 4132 2411 4186; x_wconf 84' lang='lat' dir='ltr'><strong>caelo</strong></span> 
     </span>
     <span class='ocr_line' id='line_1_45' title="bbox 252 4154 2412 4282; baseline -0.001 -23"><span class='ocrx_word' id='word_1_422' title='bbox 252 4203 564 4278; x_wconf 77' lang='lat' dir='ltr'><strong>quiescenti</strong></span> <span class='ocrx_word' id='word_1_423' title='bbox 623 4202 856 4263; x_wconf 83' lang='lat' dir='ltr'><strong>similem</strong></span> <span class='ocrx_word' id='word_1_424' title='bbox 910 4205 1175 4262; x_wconf 72' lang='lat' dir='ltr'><strong>arbitron</strong></span> <span class='ocrx_word' id='word_1_425' title='bbox 1227 4213 1428 4282; x_wconf 84' lang='lat' dir='ltr'><strong>teque,</strong></span> <span class='ocrx_word' id='word_1_426' title='bbox 1480 4207 1742 4280; x_wconf 73' lang='lat' dir='ltr'><strong>quoniam</strong></span> <span class='ocrx_word' id='word_1_427' title='bbox 1756 4244 1777 4276; x_wconf 87' lang='lat'><em>,</em></span> <span class='ocrx_word' id='word_1_428' title='bbox 1819 4154 1894 4262; x_wconf 67' lang='lat' dir='ltr'><strong>sip</strong></span> <span class='ocrx_word' id='word_1_429' title='bbox 1919 4205 2049 4263; x_wconf 86' lang='lat' dir='ltr'><strong>inde</strong></span> <span class='ocrx_word' id='word_1_430' title='bbox 2094 4204 2377 4268; x_wconf 82' lang='lat' dir='ltr'><strong>solvereris</strong></span> <span class='ocrx_word' id='word_1_431' title='bbox 2391 4240 2412 4269; x_wconf 87' lang='lat'>,</span> 
     </span>
    </p>
   </div>
  </div>
 </body>
</html>
