2982 4913
983 340 1180 429 vri-A
1241 339 1823 406 mmmmm.
2184 376 2193 385 -
2293 344 2455 407 xxv

283 524 353 575 ut
381 533 459 573 eo
506 510 849 574 inconsulto
887 523 993 574 aut
1031 512 1371 596 refragante
1394 509 1548 572 nihil
1579 522 1910 594 gereretur,
1972 514 2219 597 ipseque
2261 513 2457 589 admi·-

276 614 571 675 nistraret
615 614 861 673 omnia=
922 621 985 673 et
1031 622 1184 673 esset
1222 632 1348 672 non
1397 609 1646 692 quidem
1686 611 1987 673 vocabulo
2015 616 2192 696 (nam
2238 613 2302 675 id
2335 635 2459 676 una

278 734 421 774 cum
450 711 666 773 habitu
689 757 710 789 ,
768 711 909 772 licet
935 732 1061 772 nou
1106 708 1287 772 semel
1317 710 1396 771 ab
1427 709 1780 773 Andronico
1837 713 2128 775 invitatus
2184 724 2244 774 et
2288 716 2458 775 enixe

278 821 553 894 rogatus,
596 821 944 872 constanter
971 810 1140 892 sugit)
1187 809 1292 871 sed
1321 830 1508 891 opere
1535 812 1664 893 ipso
1692 812 2043 892 imperator.
2129 814 2289 895 Lege
2316 836 2454 896 cap.

277 931 345 995 9.
375 910 490 972 lib.
520 929 584 971 2.
669 910 813 988 Quo
842 909 1123 971 defimcto
1144 953 1164 989 ‚
1223 929 1547 991 procerum
1589 929 1659 969 ac
1687 909 1949 970 militum
1974 913 2131 973 votis
2159 912 2459 996 Didymo·

276 1009 429 1072 tichi
489 1008 817 1069 obsecutus
837 1053 857 1089 ,
917 1012 1180 1090 itemque
1221 1007 1356 1070 aliis
1397 1006 1476 1069 de
1517 1000 1741 1069 ca'ussis
1777 1007 1948 1092 (quas
1992 1009 2224 1093 profert
2242 1056 2263 1092 ,
2309 1010 2459 1077 dum

279 1108 595 1172 affectatae
622 1108 962 1192 tyrannidis
990 1109 1392 1192 suspicionem
1429 1128 1466 1168 a
1513 1127 1579 1168 se
1610 1106 1860 1191 depellit
1879 1130 1898 1169 ε
1960 1109 2207 1193 depellit
2254 1121 2458 1172 autem

214 1290 221 1297 ·
280 1212 633 1293 saepissime
661 1229 733 1269 ac
761 1208 1148 1270 disertissime
1170 1252 1189 1289 ,
1244 1218 1307 1271 et
1331 1219 1458 1271 tam
1486 1207 1895 1269 verisimiliter
1914 1253 1933 1288 ,
1990 1221 2062 1271 ut
2104 1208 2258 1272 nihil
2299 1210 2459 1272 desi-

287 1308 483 1390 deres)
532 1328 871 1394 purpuram
932 1319 993 1369 et
1017 1310 1238 1371 tiaram
1265 1307 1488 1369 induit.
1552 1306 1953 1390 Adrianopoli
1982 1331 2019 1369 a
2048 1310 2278 1370 Lazaro
2308 1310 2458 1373 Hie-

281 1405 731 1492 rosolymorum
753 1451 772 1487 ,
829 1428 1073 1469 rursum
1100 1408 1372 1491 Byzantii
1402 1406 1482 1468 ab
1527 1407 1762 1469 Isidoro
1788 1407 2147 1492 patriarchis
2171 1428 2458 1471 coronam

282 1506 662 1591 imperialem
692 1504 926 1569 solenni
955 1510 1079 1570 ritu
1107 1510 1360 1592 accepit.
1445 1508 1649 1587 Quam
1677 1509 1854 1571 beate
1879 1510 2119 1599 vixerit,
2167 1509 2231 1568 in
2262 1530 2459 1592 quan-

279 1610 369 1669 tis
398 1609 683 1690 cuiusque
718 1605 887 1668 modi
915 1605 1135 1690 opibus
1157 1648 1178 1686 ‚
1241 1609 1307 1668 in
1349 1617 1578 1692 quanta
1621 1605 1937 1669 hominum
1973 1606 2371 1670 admiratione
2397 1618 2461 1671 et

294 1706 494 1791 gloria
515 1752 535 1786 ‚
593 1709 721 1790 ipse
766 1705 1116 1769 clarissimis
1158 1705 1364 1768 verbis
1406 1703 1519 1766 lib.
1555 1705 1618 1767 3.
1649 1727 1787 1788 cap.
1822 1706 1926 1769 53.
1956 1717 2017 1767 et
2046 1705 2149 1790 78.
2191 1708 2455 1771 edocuit.

448 1807 525 1867 ln
550 1805 798 1868 militari
839 1805 1156 1890 disciplina
1182 1851 1202 1887 ‚
1258 1806 1423 1868 socio
1457 1804 1793 1889 Syrgianne
1816 1848 1836 1884 ‚
1903 1804 2191 1887 magistro
2220 1804 2459 1889 Angelo

277 1927 460 1968 usum
490 1926 555 1967 se
580 1917 827 1968 narrat.-
882 1908 947 1967 in
975 1928 1097 1990 qua
1140 1904 1358 1967 deinde
1399 1924 1513 1987 per
1572 1905 2056 1967 exercitationem
2108 1902 2460 1967 lectionem-

276 2027 402 2090 que
430 2006 609 2089 longe
636 2005 967 2067 admodum
1010 2007 1301 2089 processit
1322 2051 1341 2085 ,
1400 2002 1661 2089 talisque
1687 2024 1937 2087 prorsus
1967 2006 2160 2066 extitit
2197 2007 2460 2088 impera-

278 2115 382 2167 tor
404 2150 425 2188 ,
486 2105 728 2188 qualem
760 2106 846 2166 Μ.
877 2104 1119 2168 Tullius
1166 2108 1231 2167 in
1272 2106 1645 2189 Pompeiana
1683 2104 1989 2188 depinxit:
2051 2106 2348 2187 siquidem
2393 2107 2459 2167 in

277 2227 355 2267 eo
382 2228 629 2291 quoque
671 2205 776 2267 illa
817 2217 1102 2289 quatuor,
1142 2207 1391 2287 quaein
1433 2226 1672 2267 summo
1716 2206 2081 2288 imperatore
2113 2207 2309 2267 ineaee
2350 2206 2460 2267 de-

275 2304 465 2386 bent,-
497 2308 848 2368 enituerunt
865 2350 885 2386 ‚
938 2307 1184 2368 scientia
1207 2350 1227 2385 ‚
1274 2308 1496 2386 virtu8‚
1546 2304 1821 2385 felicitas,
1869 2307 2215 2368 auctoritas.
2289 2305 2457 2368 Talis

275 2406 427 2467 item
447 2452 467 2487 ‚
541 2405 784 2490 qualem
834 2408 902 2468 in
958 2406 1291 2491 Strategico
1341 2407 1729 2490 gravissimus
1771 2416 2126 2490 praeceptor
2175 2404 2456 2469 militaris

279 2507 646 2569 Onosander
672 2507 958 2570 describit
979 2528 1117 2592 cap.
1162 2527 1246 2589 1.,
1277 2518 1502 2590 castus,
1542 2518 1904 2590 temperans,
1950 2508 2212 2590 sobrius,
2266 2506 2453 2591 frugi,

276 2604 618 2668 laboriosus
639 2652 659 2688 ‚
720 2606 1057 2692 intelligens
1076 2653 1096 2692 ‚
1159 2610 1410 2670 minime
1453 2628 1675 2671 avarus
1695 2651 1714 2688 ,
1771 2627 1884 2669 nec
1912 2609 2115 2668 iunior
2134 2653 2154 2689 ‚
2211 2627 2324 2668 nec
2358 2629 2453 2669 se-

275 2709 450 2787 nior,
505 2706 769 2769 filiorum
811 2719 984 2792 pater
1001 2753 1021 2788 ‚
1082 2708 1320 2771 dicendi
1362 2695 1624 2795 peritus,
1684 2705 1876 2792 gloria
1920 2707 2196 2769 illustris.
2283 2708 2455 2787 Qua-

276 2804 403 2868 lem
433 2819 745 2890 praeterea
772 2807 850 2871 de
881 2807 1101 2871 bellico
1129 2820 1424 2893 apparatu
1449 2831 1588 2893 cap.
1621 2829 1681 2876 2.
1740 2809 1865 2869 Leo
1891 2810 2244 2892 imperator.
2303 2808 2453 2869 Lin-

275 2927 463 2989 guam
506 2908 787 2969 Latinam
836 2908 1114 2971 calluisse
1155 2908 1297 2970 inde
1337 2911 1745 2970 coniecturam
1785 2910 1983 2989 capio.
2065 2908 2312 2968 Etenim
2356 2927 2457 2967 res

272 3007 696 3070 Romanorum
722 3011 1159 3094 imperatorum
1189 3009 1298 3091 (ut
1324 3029 1436 3070 nos
1470 3010 1777 3070 Romanos
1805 3009 2199 3089 imperatores
2227 3002 2454 3086 apella-

275 3127 415 3169 mus
437 3152 458 3188 ,
515 3108 634 3171 hoc
661 3120 752 3171 est
788 3132 998 3172 eorum
1027 3154 1047 3189 ‚
1105 3111 1211 3193 qui
1255 3110 1321 3170 in
1366 3106 1544 3170 Italia
1605 3117 1666 3169 et
1731 3107 1961 3168 Romae
1996 3105 2311 3186 vixerunt)
2340 3102 2454 3165 ali-

276 3211 529 3290 quoties
559 3213 623 3270 in
669 3210 937 3272 medium
980 3209 1226 3271 adducit
1244 3254 1265 3290 ,
1324 3229 1476 3292 quas
1517 3208 1767 3269 forsitan
1811 3204 1975 3289 apud
2003 3204 2289 3266 historiae
2318 3203 2472 3298 Αιι-υ
2572 3196 2575 3200 ’

278 3319 491 3391 gustae
516 3311 839 3393 scriptores
877 3308 1044 3394 legit.
1127 3311 1213 3372 Et
1253 3309 1459 3394 Arego
1502 3308 1801 3371 monacho
1831 3305 2113 3368 Sabaudo
2156 3305 2455 3388 quaedam

280 3393 515 3470 Graece
557 3412 784 3492 scripta
822 3432 947 3472 non
987 3409 1342 3494 intelligenti
1371 3453 1391 3492 ‚
1450 3413 1885 3492 interpretatur
1923 3406 2036 3469 lib.
2070 3407 2132 3467 3.
2174 3428 2311 3488 cap.
2343 3403 2451 3485 84.
2564 3467 2572 3476 ,

277 3506 344 3567 Si
373 3510 512 3590 quis
543 3509 853 3571 auditione
878 3522 1119 3572 tantum
1142 3511 1558 3571 Romanorum
1587 3508 1745 3570 facta
1773 3508 2097 3590 accepisse,
2131 3515 2193 3566 et
2220 3507 2454 3566 Graeca

276 3605 385 3669 illa
412 3608 622 3670 Italice
648 3610 947 3673 monacho
976 3614 1438 3693 interpretatum
1484 3629 1613 3670 esse
1640 3608 1888 3669 credere
1929 3605 2102 3668 malit
2125 3650 2144 3686 ,
2206 3626 2348 3666 cum
2378 3626 2453 3667 eo

273 3727 404 3770 non
431 3709 824 3771 contendam:
871 3722 931 3772 et
957 3714 1044 3773 ita
1069 3711 1319 3772 nomine
1347 3711 1600 3771 Latinae
1627 3708 1902 3792 linguae,
1964 3707 2135 3768 cuius
2163 3725 2228 3767 se
2256 3706 2452 3767 scien·

271 3818 400 3870 tem
429 3810 698 3892 quodam
727 3810 862 3872 loco
889 3808 1171 3889 affirmat,
1197 3831 1438 3894 quaque
1454 3808 1880 3892 praesidiarios
1909 3805 2095 3869 Italos
2124 3804 2455 3888 alloquitur

274 3909 801 3993 Constantinopoli
830 3910 940 3973 lib.
973 3909 1037 3991 4.
1069 3933 1206 3993 cap.
1241 3909 1372 3990 54„
1404 3910 1616 3971 Italica
1660 3906 2050 3994 intelligenda
2079 3907 2232 3969 erit:
2300 3908 2456 3967 sicut

270 4028 387 4090 per
428 4009 680 4071 Latinos
722 4008 861 4072 Itali
912 4021 972 4071 et
1018 4010 1122 4072 alii
1184 4032 1335 4072 non·
1357 4011 1599 4071 Graeci.
1684 4008 1928 4070 Persice
1976 4027 2220 4090 quoque
2241 4051 2260 4084 ‚
2323 4009 2453 4068 sive

272 4107 538 4170 Turcice
595 4131 771 4171 nosse
827 4131 892 4172 se
949 4110 1060 4172 hb.
1096 4109 1158 4191 4.
1191 4132 1328 4194 cap.
1370 4131 1467 4172 10.
1529 4106 1807 4171 affirmat.
1916 4107 2134 4170 Artem
2176 4106 2456 4168 didicisse

272 4209 649 4291 oratoriamj
709 4207 1052 4294 eloquentia
1082 4213 1287 4296 ipsius.
1315 4212 1480 4274 omui
1526 4209 1972 4294 praedicatione
2016 4207 2200 4292 digna
2224 4251 2243 4290 ‚
2305 4217 2365 4268 et
2390 4207 2454 4267 in
