2982 4913
544 218 735 327 xxii*
1380 258 1434 319 1.
1491 253 1847 320 roNTAm

713 428 1048 512 Coniugem
1075 412 1534 492 habuitlrenm
1559 470 1581 505 ,
1640 423 1977 488 Andmniei
2006 420 2227 486 Amnis
2263 421 2384 486 viri
2425 419 2715 486 mumis-

546 531 685 594 simi
703 574 728 611 ,
768 529 972 612 magni
997 527 1169 593 ducis
1189 571 1226 610 ,.
1269 537 1333 590 et
1357 547 1501 590 cum
1527 524 1883 588 Andronico
1916 524 2153 586 seniore
2177 525 2536 606 cognatione
2560 543 2716 585 con-

543 630 735 694 iuncti
763 627 971 691 filiam.
1049 625 1198 690 Fuit
1237 627 1399 689 enim
1427 625 1662 688 Asanes
1701 645 1737 686 e
1764 643 1972 686 sorore
1999 621 2337 685 Andronici
2361 635 2559 686 natus.
2614 625 2715 686 Ex

544 725 1303 803 easustulitliberossex,
1360 736 1752 806 marestres,
1800 722 2353 785 feminastotidem.
2437 723 2567 785 Illis
2593 745 2713 793 no-

542 831 711 893 mina
736 828 1020 910 filerunt,
1076 826 1420 891 Matthaeus
1438 869 1459 905 ,
1524 822 1806 906 Manuel,
1866 822 2276 885 Andronicus.
2361 821 2568 906 Atque
2606 823 2713 886 hic

542 941 884 1016 postremus
907 929 1009 993 vix
1035 926 1462 991 duodecimum
1489 928 1789 1008 attingens
1816 943 2070 1004 annum,
2099 944 2241 984 cum
2277 924 2415 985 avia
2457 933 2716 1006 paterna

545 1032 613 1095 in
660 1028 998 1093 custodiam
1041 1028 1219 1091 datus
1240 1070 1262 1109 ‚
1326 1025 1714 1111 postmodum
1756 1023 2039 1109 pestifera
2083 1021 2186 1085 lue
2228 1043 2340 1106 per
2378 1023 2444 1086 id
2470 1035 2716 1106 tempus

542 1138 855 1213 grassante
894 1129 1123 1191 interiit
1142 1149 1162 1190 ε
1220 1124 1597 1212 reliquorum
1637 1146 1824 1209 opera
1885 1123 2051 1186 domi
2118 1121 2384 1208 bellique
2446 1122 2717 1186 multum

541 1247 690 1292 usus
749 1237 841 1291 est
897 1237 1093 1314 pater.
1199 1225 1482 1310 Uterque
1532 1236 1785 1289 ornatur
1838 1222 2121 1287 laudibus
2163 1221 2275 1286 lib.
2332 1223 2395 1284 ὅ.
2424 1244 2558 1305 cap.
2610 1222 2718 1290 28.

541 1326 889 1392 Matthaeus
934 1326 1230 1391 Demetrii
1276 1325 1563 1411 despotae
1578 1372 1599 1407 ,
1671 1325 1781 1387 filii
1826 1324 2163 1387 Andronici
2215 1326 2462 1386 maioris
2506 1335 2717 1387 natam

543 1425 766 1490 Irenen
789 1445 1041 1489 uxorem
1072 1424 1243 1489 duxit
1261 1448 1281 1489 ε
1325 1447 1482 1511 quae
1506 1425 1662 1488 filios
1690 1426 1745 1487 ei
1786 1426 2023 1511 peperit
2064 1423 2219 1486 duos
2238 1469 2259 1504 ,
2316 1425 2608 1488 Ioannem
2647 1436 2718 1488 et

541 1526 965 1591 Demetriuma
1031 1525 1185 1589 filias
1223 1536 1428 1587 ternas
1446 1570 1465 1607 ,
1518 1546 1779 1611 quarum
1816 1526 2254 1611 primogenitae
2292 1524 2554 1586 inditum
2598 1546 2717 1587 no-

541 1644 689 1691 men
718 1624 1101 1689 Theodorae.
1207 1623 1586 1687 Matthaeum
1628 1636 1801 1708 pater
1842 1627 2268 1707 imperatorem
2307 1627 2715 1704 renunciavit,

540 1723 830 1810 deditque
871 1726 937 1789 id
974 1723 1259 1811 precibus
1299 1727 1653 1808 praesertim
1679 1726 2007 1786 exercitus:
2049 1725 2248 1809 'quem
2284 1736 2490 1787 tamen
2530 1726 2714 1787 Ioan-

538 1840 649 1887 nes
678 1823 1077 1909 Palaeologus
1107 1822 1283 1887 heres
1313 1821 1617 1907 legitimus
1662 1824 1918 1905 imperio
1946 1822 2116 1885 abire
2143 1826 2356 1907 coegit.
2440 1821 2713 1885 Manueli

539 1923 729 1988 filiam
755 1925 963 2009 Syrgis
993 1924 1143 2006 (suit
1188 1923 1288 1986 hic
1334 1924 1702 2007 Cypriorum
1747 1944 1889 2007 rege
1935 1926 2322 2008 procreatus)
2368 1924 2708 2007 despondit,

540 2023 663 2087 Sed
691 2023 755 2085 id
782 2023 1156 2086 connubium
1182 2024 1405 2108 Syn-ges
1449 2033 1592 2085 ante
1617 2026 1863 2106 nuptias
1891 2024 2159 2090 rescidit.
2243 2027 2395 2089 Post
2425 2027 2709 2109 Liber-us,

540 2121 959 2186 Triballorum
1007 2122 1401 2209 dynastarum
1458 2125 1909 2208 potentissimus
1930 2167 1951 2205 ‚
2031 2123 2217 2188 filiam
2276 2147 2450 2188 suam
2513 2127 2713 2189 eidem

540 2221 812 2284 Manueli
840 2221 1200 2307 desponderi
1229 2226 1395 2308 cupit
1416 2269 1435 2306 ,
1483 2235 1547 2287 et
1574 2224 1981 2307 despondetur
1997 2269 2016 2306 ,
2062 2236 2132 2288 ut
2157 2237 2248 2288 est
2274 2224 2433 2290 libro
2475 2228 2538 2290 3.
2569 2248 2708 2311 cap.

537 2318 647 2403 48.
733 2321 1041 2386 Hactenus
1068 2324 1147 2387 de
1177 2325 1470 2388 maribus.
1538 2324 1891 2387 Puellarum
1913 2327 2102 2388 trium
2125 2328 2375 2390 nomina
2402 2338 2542 2391 sunt
2572 2330 2711 2389 Ma-

538 2422 672 2502 ria,
719 2421 1043 2487 Theodora
1064 2469 1085 2507 ‚
1150 2423 1406 2489 Helena.
1489 2424 1764 2489 Primam
1793 2424 2138 2509 Nicephoro
2166 2428 2412 2510 Ducae,
2461 2428 2710 2490 loannis

532 2521 844 2607 Despotae
865 2523 1015 2605 filio,
1036 2524 1416 2588 Acarnaniae
1439 2529 1725 2612 principi,
1756 2525 2030 2589 nondum
2062 2531 2442 2612 septennium
2471 2549 2709 2612 egresso

536 2632 750 2704 pacuis
778 2633 891 2686 est.
975 2623 1252 2687 Alteram
1281 2626 1555 2690 Orcheni
1575 2627 1812 2690 Persae
1830 2672 1849 2709 ,
1909 2648 2017 2690 seu
2045 2628 2286 2692 Turcae
2310 2632 2554 2713 potius,
2599 2621 2714 2691 Bi·-

535 2720 787 2807 thyniae
812 2722 1060 2787 domino
1086 2726 1372 2790 tradidit.
1433 2730 1607 2791 cuius
1635 2729 1852 2812 opibus
1882 2749 2015 2792 rem
2057 2750 2230 2792 suam
2275 2749 2710 2813 saepenumero

535 2826 895 2886 sustentavit
949 2836 1132 2909 atque
1179 2827 1609 2891 constabilivit.
1716 2830 2097 2892 Postremum
2142 2852 2284 2893 cum
2314 2831 2544 2893 Ioanne
2582 2831 2708 2892 Pa·k

533 2915 808 3008 laeologo
850 2926 1214 3009 imperatore
1235 2974 1255 3010 ,
1285 2949 1585 2991 annorum
1629 2930 1974 3015 quindecim
2018 2930 2421 3011 adolescente,
2452 2933 2707 2993 coniun-

535 3022 626 3086 xit
645 3068 666 3106 ,
722 3046 907 3109 quem
937 3026 1145 3091 laudat
1172 3028 1283 3092 lib.
1319 3028 1384 3110 4.
1415 3051 1554 3113 cap.
1594 3052 1650 3092 1.
1734 3031 1828 3092 Ex
1857 3052 1931 3093 eo
1975 3033 2363 3093 matrimonio
2393 3030 2706 3093 Androni-

531 3140 642 3184 cus
662 3166 681 3203 ,
743 3126 991 3188 Manuel
1011 3170 1031 3206 ,
1095 3128 1349 3190 loannes
1374 3172 1394 3208 ,
1452 3129 1800 3192 Demetrius
1827 3130 1935 3193 filii
1956 3174 1976 3210 ,
2036 3141 2098 3193 et
2126 3131 2304 3191 Irene
2329 3130 2453 3192 filia
2479 3151 2706 3217 propa-

533 3222 658 3302 gati
704 3233 873 3285 sunt.
957 3225 1143 3286 Suam
1189 3230 1414 3310 cuique
1455 3231 1645 3289 trium
1689 3229 1952 3292 filiarum
1996 3228 2363 3314 peculiarem
2405 3230 2705 3294 laudatio-

530 3338 673 3381 nem
696 3322 990 3406 impertit,
1028 3323 1387 3389 Theodorae
1413 3326 1525 3390 lib.
1554 3330 1617 3390 3.
1648 3351 1785 3414 cap.
1816 3328 1950 3415 95„
1997 3331 2264 3395 Helenae
2305 3331 2518 3392 eodem
2546 3331 2706 3394 libro

530 3438 668 3502 cap.
708 3418 811 3500 34.
832 3465 853 3501 ,
896 3424 1129 3486 Mariae
1146 3470 1166 3506 ,
1217 3447 1372 3510 quae
1413 3427 1681 3491 adversis
1720 3431 1958 3493 casibus
2000 3442 2252 3514 propter
2278 3453 2541 3516 nequam
2569 3449 2706 3494 ma·-

528 3519 715 3580 ritum
743 3521 1002 3604 iactata,
1058 3526 1304 3589 tandem
1349 3549 1421 3590 eo
1464 3532 1664 3593 occiso
1691 3552 1833 3595 cum
1860 3542 2056 3596 matre
2082 3531 2442 3594 monacham
2467 3534 2704 3617 Byzan·

526 3617 599 3680 tii
628 3623 785 3701 egit,
840 3618 954 3683 lib.
989 3621 1055 3704 4.
1087 3646 1225 3710 cap.
1265 3626 1371 3708 43.

693 3717 1006 3805 Principio
1046 3721 1384 3789 Andronici
1436 3731 1537 3794 avi
1586 3727 1848 3794 cubiculi
1900 3733 2058 3796 sacri
2123 3734 2498 3818 praepositus
2544 3732 2694 3796 finit.
2677 3756 2702 3772 ·

525 3816 743 3881 deinde
786 3820 1123 3887 Andronici
1164 3830 1402 3911 nepotis
1444 3831 1636 3912 (cuius
1677 3832 1922 3896 videtur
1960 3835 2238 3915 coaevus)
2283 3854 2537 3917 magnus
2581 3833 2698 3894 do-

522 3920 832 3982 mesticus.
917 3923 1247 3988 Thraciam
1275 3929 1613 4011 praefectus
1660 3953 1768 3994 seu
1813 3945 2064 4017 praetor
2111 3935 2492 4019 gubernav‘m
2548 3933 2700 4000 Fuit

519 4017 667 4078 item
714 4022 995 4106 princeps
1033 4025 1285 4094 militiae
1327 4031 1750 4112 imperatoriae
1769 4077 1788 4112 ,
1843 4037 1971 4097 sive
2010 4038 2321 4119 copiarum
2365 4033 2487 4097 dux
2521 4055 2690 4095 sum-

519 4135 679 4182 mus.
763 4120 1112 4190 Auctoritas
1139 4128 1270 4191 eius
1285 4171 1306 4211 ,
1360 4139 1625 4216 pote-tas
1651 4142 1714 4194 et
1740 4135 2098 4202 existimatio
2123 4129 2529 4199 idei-edibilis.
2572 4136 2683 4215 ita,
