2982 4913
1094 262 1574 359 PRAEFATlo.
1846 353 1860 363 .
2271 280 2401 408 ‘xv

158 422 207 457 Ι
236 478 598 532 metm-‘esent
624 462 903 548 (agebat
958 466 1122 526 enim
1178 464 1433 529 loannes
1477 486 1724 538 amium
1753 488 1877 529 non
1921 467 2059 552 plus
2071 454 2422 538 Aecimm‘

124 624 132 636 ,
234 568 554 662 quintum)
595 555 1219 649 postesseeollegam
1245 568 1534 650 patiatur.
1620 567 1817 644 Huius
1856 572 2032 653 spatii
2074 573 2176 633 vix
2219 573 2399 635 dimi-
2441 569 2449 579 ’

232 669 403 729 dium
432 665 681 729 videtur
705 662 1037 749 explevisse
1054 707 1076 745 ‚
1130 685 1337 727 rerum
1364 666 1546 729 huius
1574 666 1784 754 mundi
1841 679 1904 730 et
1955 664 2244 759 adveffiae
2269 693 2401 735 sor-

234 770 307 829 tis
350 752 684 831 renovatae
727 767 995 850 quodam
1032 764 1258 829 taedio.
1349 768 1525 846 Quae
1570 768 1701 850 ipso
1739 769 1861 833 iam
1902 770 2200 834 monacho
2243 775 2428 847 inter

232 866 668 952 Palaeologum
731 878 794 930 et
842 865 1216 931 matthaeum
1260 878 1469 933 secuta
1513 878 1695 948 sunt,
1737 867 2001 931 forsitan
2034 873 2214 935 unius
2231 915 2252 955 ,
2295 886 2401 937 aut

166 967 493 1029 .duorum
522 986 831 1032 annomm
855 969 1134 1031 suerunt.
1177 967 1532 1031 naminhis
1557 967 2054 1083 quodprocerto
2082 968 2401 1052 affirmem,

148 1064 153 1069 ’
230 1087 355 1128 non
380 1065 605 1130 habeo.
714 1068 845 1131 Hac
874 1070 1110 1130 ratione
1138 1054 1512 1151 colliguntur
1533 1069 1678 1129 anni
1707 1068 1994 1133 historiae
2020 1070 2202 1133 huius
2230 1074 2404 1134 circi-

232 1178 324 1228 ter
349 1169 603 1253 triginta
628 1188 880 1231 novem.
961 1168 1060 1231 Ex
1086 1167 1183 1231 his
1212 1179 1417 1251 patet,
1457 1179 1735 1251 tempora
1761 1167 2148 1231 Andronici'
2130 1173 2408 1250 iunioris,

202 1254 678 1355 Cantennam,
734 1280 797 1331 et
844 1268 1092 1340 Ioannis
1120 1267 1466 1352 Palaeologi
1510 1288 1636 1329 non
1677 1269 1821 1331 satis
1864 1269 2057 1351 probe
2098 1270 2413 1353 digessisse

235 1366 629 1450 Onuphrium
648 1412 672 1450 ,
722 1381 783 1432 et
809 1369 987 1433 alios.
1070 1368 1380 1431 Erranmt
1406 1368 1556 1430 item
1583 1388 1724 1430 cum
1753 1369 2049 1453 Gregnm,
2091 1368 2241 1431 dum
2275 1356 2408 1432 An-

236 1465 552 1530 dronicum
579 1471 884 1535 iuniorem
909 1488 1073 1533 anno
1098 1470 1313 1531 aetatis
1356 1458 1817 1552 quadragesimo
1843 1471 2058 1551 quinto
2086 1472 2414 1535 extimum

234 1567 631 1631 tradiderunt.
713 1569 775 1630 N
776 1588 884 1631 am
911 1571 965 1631 si
998 1579 1179 1631 natus
1206 1579 1339 1629 erat
1366 1588 1558 1630 annos
1584 1570 1800 1651 viginti
1828 1579 2060 1651 septem
2086 1581 2413 1654 antequam

208 1659 565 1727 ‚secundam
592 1688 847 1731 uxorem
875 1666 1127 1731 duceret
1141 1711 1164 1747 ‚
1206 1678 1279 1728 ut
1302 1679 1509 1729 noster
1537 1665 1696 1728 libro
1721 1669 1923 1750 primo
1955 1682 2207 1752 narrat,
2248 1682 2313 1734 et
2341 1693 2413 1735 ea

240 1763 422 1829 ducta
455 1766 656 1830 adhue
702 1766 942 1858 aliquot
982 1768 1156 1829 annis
1200 1786 1345 1828 cum
1380 1786 1498 1827 avo
1526 1764 1757 1827 bellum
1796 1769 2010 1847 gessit.
2071 1771 2122 1830 si
2150 1758 2224 1831 eo
2251 1773 2415 1839 victo

6 1886 11 1901 ’
122 1888 125 1891 ·
240 1867 415 1926 annis
456 1868 676 1951 viginti
704 1867 873 1930 solus
896 1867 1283 1950 imperavit
1236 1897 1279 1945 ,
1321 1867 1596 1949 sequitur
1622 1864 2247 2017 quinquagenarium,
2310 1883 2416 1934 aut
2457 1883 2466 1895 ¹
2597 1938 2620 1959 ¹,

243 1984 313 2025 eo
356 1967 654 2029 maiorem
706 1967 951 2033 obiisse.

402 2060 819 2129 Ostendemus
875 2085 1041 2144 nme
1059 2108 1081 2149 ,
1154 2084 1285 2149 quo
1333 2065 1469 2127 loco
1517 2066 1673 2129 inter
1715 2065 2076 2150 Byzantinus
2133 2068 2418 2134 historias

238 2164 410 2231 baec·
426 2175 641 2231 nostra
676 2163 1032 2231 collocanda
1072 2167 1171 2234 sit.
1256 2166 1710 2229 Cantacuzenus
1734 2165 1793 2227 N
1796 2167 2082 2250 icephoro
2109 2168 2417 2254 Gregome

239 2267 508 2344 pmxime
546 2244 816 2331 simeedit
834 2309 856 2347 ,
934 2268 1185 2350 eiusque
1212 2266 1594 2345 narrationes
1627 2268 1981 2329 continuat.
2045 2288 2418 2355 quamquam
2472 2274 2478 2279 '

240 2383 357 2423 non
385 2366 660 2446 praecise
698 2386 770 2427 ac
811 2364 1189 2448 siniplicitoe.
1273 2364 1462 2427 Νειιιι
1477 2384 1632 2427 eum
1648 2364 1948 2449 Gregoras
1986 2368 2053 2435 in
2080 2369 2251 2432 obitu
2279 2372 2436 2447 Ans„

238 2462 519 2526 dronici
500 2466 757 2528 iunioris
783 2462 1019 2528 desinat
1036 2509 1056 2546 ,
1099 2474 1308 2530 noster
1331 2463 1477 2548 inde
1501 2485 1628 2528 non
1656 2464 1895 2528 orditur
1912 2488 1933 2529 a
1978 2471 2128 2552 quin
2169 2472 2295 2534 imo
2322 2495 2418 2536 se-

236 2565 503 2626 cundum
538 2566 834 2634 historiae
878 2585 1024 2630 suae
1067 2564 1297 2628 librum
1340 2563 1423 2626 ad
1466 2565 1736 2627 eiusdem
1778 2565 2118 2631 Andronici
2159 2585 2418 2655 mortem

236 2666 534 2745 perducit.
617 2667 852 2728 Verum
893 2668 1039 2749 quia
1084 2667 1387 2748 Gregoras
1413 2666 1530 2750 iste
1568 2687 1688 2728 avo
1709 2710 1731 2744 ‚
1786 2666 1852 2728 in
1881 2670 2053 2731 cuius
2080 2670 2283 2733 aulam
2308 2673 2416 2735 de-

236 2767 405 2825 sertis
450 2765 669 2830 studiis
709 2765 1063 2828 liberalibus
1096 2787 1161 2827 se
1188 2764 1471 2845 contulit,
1514 2768 1791 2846 amicior,
1831 2773 2038 2851 nepoti
2066 2782 2269 2833 autem
2297 2774 2416 2834 ini-

235 2866 413 2944 quior
440 2864 559 2927 snit
576 2887 597 2925 ι
641 2864 935 2949 ill-nque
974 2865 1306 2948 plurimum
1327 2908 1348 2944 ‚
1389 2876 1451 2926 et
1488 2885 1669 2948 saepe
1708 2867 2154 2931 commendavit
2173 2892 2192 2931 ε
2253 2871 2419 2934 hune

130 2945 141 2970 ⁸
237 2976 482 3045 aperte,
544 2986 658 3025 nec
682 2965 917 3026 modice
936 3010 957 3047 ,
1017 2975 1078 3026 et
1104 2951 1230 3026 non
1260 2984 1405 3042 raro
1457 2963 1833 3027 insimulavit
1873 2986 1962 3041 ,ae
2005 2970 2374 3050 vituperavit
2392 2992 2415 3032 ε

231 3062 315 3122 ad
340 3064 493 3125 haec
511 3108 533 3142 ‚
572 3085 732 3147 quae
750 3068 930 3126 -inter
955 3063 1096 3127 illos
1125 3062 1501 3144 aeciderunt,
1543 3073 1782 3145 panem
1816 3065 2140 3126 maximam
2167 3069 2419 3129 minime

232 3175 550 3246 compa-ta
588 3165 804 3228 habuit
820 3188 842 3227 ε
900 3186 1059 3249 quae
1103 3176 1306 3227 autem
1322 3164 1643 3246 ‘comperit
1660 3205 1681 3241 ‚
1744 3184 1817 3224 ea
1857 3163 2105 3228 confiise
2122 3211 2142 3245 ‚
2185 3167 2412 3250 imper-

234 3263 412 3341 fecte,
455 3264 758 3347 quaedam
785 3285 1030 3349 quoque
1058 3264 1235 3354 aliter
1274 3263 1609 3346 aliquanto,
1640 3262 1790 3345 quid
1821 3260 2132 3346 aliquanto
2145 3270 2177 3326 ‘t
2216 3266 2410 3328 multo

231 3361 450 3442 alitem
489 3387 676 3447 quam
703 3378 1036 3430 evenerunt
1055 3412 1075 3445 ‚
1126 3378 1188 3427 et
1225 3385 1369 3427 cum
1409 3363 1739 3425 mendaciis
1767 3366 2067 3446 exposuit:
2128 3367 2193 3425 in
2221 3367 2410 3448 ipsius

231 3483 481 3545 quoque
537 3465 939 3527 Cantamizeni
1014 3464 1177 3538 bello
1245 3465 1588 3546 rebusque.
1624 3462 2168 3526 commemorandis
2232 3467 2410 3548 (quae

231 3566 459 3646 scripta
502 3564 602 3627 vel
628 3567 1026 3645 interierunt3
1079 3565 1181 3629 vel
1207 3565 1405 3627 adhuc
1446 3566 1516 3626 in
1559 3563 1766 3646 aliqua
1804 3561 2192 3625 bibliotheca
2201 3564 2410 3644 latent)

148 3713 165 3732 ,
230 3683 457 3742 parum
504 3664 669 3726 bona
720 3665 845 3726 fide
858 3710 883 3744 ‚
937 3664 1354 3748 malevoleque
1395 3673 1670 3725 versatus
1716 3673 1830 3723 est.
1952 3663 2407 3725 Cantaeuzenus

230 3760 382 3822 haee
423 3765 575 3825 vitia
602 3786 731 3826 non
752 3752 978 3844 ferens,
1018 3763 1198 3849 long‘e
1226 3767 1558 3844 sincerius,
1602 3763 1900 3845 longeque
1926 3764 2267 3846 copiosius,
2307 3763 2405 3823 di-

230 3864 533 3943 stinctius,
574 3866 907 3948 integrius,
929 3868 1151 3947 certius
1178 3867 1383 3928 omnia
1408 3864 1765 3948 explicavit.
1820 3863 2046 3945 quippe
2073 3863 2179 3945 qui
2204 3865 2403 3922 omni-

230 3959 347 4022 bus
376 3985 570 4044 paene
594 3987 720 4026 non
757 3965 1030 4028 interfuit
1055 3967 1298 4046 solum,
1338 3987 1557 4028 verum
1598 3966 1781 4027 etiam
1808 3962 2104 4044 praefuit·
2148 3951 2209 4022 et
2246 3982 2406 4044 quae

195 4062 365 4142 ipse
392 4085 519 4124 non
546 4064 739 4146 vidit,
782 4078 889 4128 aut
930 4069 1053 4150 egit
1094 4067 1217 4150 (qui
1261 4068 1421 4127 enim
1459 4067 1659 4148 potuit
1684 4066 1890 4126 omnia
1903 4062 1954 4143 2)
1996 4083 2068 4122 ea
2091 4081 2129 4121 a
2150 4061 2406 4122 testibus

238 4165 605 4242 gravissimis
622 4168 890 4251 accepit.
936 4167 1485 4251 quemadmodum
1471 4188 1536 4229 ιιι
1561 4166 1703 4227 fine
1719 4162 1861 4226 libri
1899 4161 2099 4245 quarti
2123 4170 2401 4222 testatur.
