2982 4913
897 339 1460 417 ffls‘romARnM
1520 344 1601 402 ιι.
1656 347 1758 411 ao.
2158 375 2169 385 .
2275 305 2439 395 553
2517 374 2522 393 .

277 502 363 588 τῷ
415 496 662 584 μεγάλῳ
710 495 1050 583 δομεστίκῳ
1096 489 1574 579 συνεδριάζοντι
1626 494 1765 558 ἐκεῖ
1786 492 1874 581 τῷ
1898 494 2155 573 βασιλεῖ
2179 495 2498 589 minoen-A.
2521 493 2579 548 C.
2603 495 2725 565 ¹34¹

277 595 446 677 θεὸν,
490 592 799 676 σύντομόν
829 619 971 660 τινα
999 594 1202 682 ᾐτεῖτο
1237 590 1352 657 κατ’
1368 589 1674 675 βοήθειαν
1713 590 1823 656 καί
1844 588 2094 675 βουλὴν,
2128 592 2195 667 ἐξ
2234 581 2307 676 ἧς
2322 588 2490 675 τὴνΒ

278 697 800 781 προσδοκωμένην
839 696 1172 779 διαφυγεῖν
1235 692 1483 769 ἐξέσται
1535 693 1730 777 δίκην.
1829 687 1863 754 ὅ
1922 692 1992 754 δὲ
2031 686 2334 775 πρότερόν
2375 712 2446 753 τε

277 792 518 881 ἔφασκε
550 791 627 858 τά
672 794 889 857 δέοντα
933 794 1419 874 βεβουλεῦσθαι,
1455 784 1645 874 ἀὐτῷ
1701 791 2026 873 παραινῶν
2065 792 2177 873 τῆς
2216 790 2447 874 πολλῆς
2465 801 2531 856 V.
2553 803 2657 859 268

237 896 663 981 5φιλονεικίας
725 885 1128 969 ἀποσχέσθαι
1182 884 1294 949 καὶ
1350 883 1691 949 πείθεσθαι
1725 893 1854 961 τοῖς
1894 909 2057 967 μονα
2059 896 2195 968 χοῖς
2246 887 2333 964 ὥς
2362 885 2444 953 τοὶ

277 994 542 1059 τοιαῦτα
621 987 1039 1073 σοφωτέροις,
1111 981 1223 1049 καί
1300 982 1413 1049 νῦν
1476 978 1666 1047 οῦδὲν
1724 976 1913 1070 ἦττον
1985 985 2449 1067 βουλεύσεσθαι

273 1090 388 1155 καί
423 1087 680 1172 πράξειν
725 1081 803 1149 τὰ
842 1082 1211 1177 συνοίσοντα
1261 1077 1424 1171 ὑπὲρ
1485 1078 1710 1148 αὖτοῦ.
1763 1082 1824 1147 εἰ
1858 1082 1978 1168 γὰρ
2016 1081 2171 1166 μήτε
2203 1082 2450 1148 ἀντιλέ-

272 1211 409 1272 γειν
446 1183 544 1251 ἔτι
583 1181 742 1268 πρὸς
789 1179 870 1248 τὰ
939 1179 1388 1270 προτεινόμενα
1448 1179 1581 1265 ἔχει
1601 1233 1622 1264 ,
1677 1183 1931 1247 πέπεικέ
1986 1204 2056 1245 τε
2096 1173 2327 1245 ἑαυτὸν
2361 1179 2450 1256 ὥς

272 1288 501 1370 βελτίω
543 1281 654 1349 καί
691 1280 1050 1368 δικαιότερα
1098 1280 1209 1348 καὶ
1242 1291 1373 1359 τοῖς
1423 1282 1624 1366 ἁγίοις
1671 1278 1924 1370 συνῳδὰ
1971 1283 2349 1366 φθέγγονται
2389 1278 2452 1346 οἶ

198 1382 585 1467 ιομοναχοὶ,
626 1380 703 1446 τί
733 1384 838 1445 δεῖ
865 1378 982 1471 την
1028 1385 1248 1469 ψῆφον
1275 1386 1410 1447 κατ’
1447 1375 1650 1447 αὗτοῦ
1695 1383 2070 1465 ἐξαγομένην
2096 1379 2450 1464 περιμένειν

278 1484 589 1562 κατιδεῖν,
650 1476 809 1545 ἀλλὰ
871 1478 962 1565 μὴ
1006 1477 1307 1568 πρότερον
1356 1478 1782 1560 ἐξαναστάντα
1794 1531 1815 1561 ,
1868 1478 1981 1563 τήν
2023 1501 2089 1542 τε
2136 1479 2450 1564 προτέραν

276 1573 538 1665 ἄγνοιαν
580 1578 691 1646 ἐπὶ
747 1578 993 1651 πάντων
1049 1576 1371 1663 ὅμολογεῖν
1410 1578 1522 1644 καί
1558 1576 1677 1663 τὴν
1710 1580 1823 1644 νῦν
1862 1579 2196 1661 ἐπίγνωσιν
2226 1580 2338 1661 τῆς
2371 1575 2450 1640 a’-

275 1677 576 1766 ληθείας,
632 1681 742 1743 καί
778 1686 907 1754 τοῖς
968 1703 1039 1744 τε
1075 1676 1274 1763 ἁγίοις
1341 1680 1683 1745 πείθεσθαι
1747 1680 2106 1744 συνθέσθαι
2169 1676 2279 1740 καί
2333 1672 2450 1761 τήν

275 1776 524 1862 ἔχθραν
593 1774 923 1843 καταλύειν
990 1776 1106 1863 την
1164 1778 1326 1864 πρὸς
1396 1776 1549 1855 τούς
1585 1780 1940 1861 μοναχούςς
1981 1777 2040 1842 εἰ
2072 1773 2193 1862 γάρ
2251 1777 2507 1843 vavrae

206 1875 650 1962 ,5πειθόμενος
706 1877 879 1965 arim?
908 1877 1186 1963 ποιήσει,
1228 1868 1378 1942 οὔτε
1419 1877 1624 1962 βλάβη
1677 1901 1773 1953 τις
1807 1879 2033 1958 ἕψεται
2071 1877 2142 1940 ἐκ
2178 1875 2305 1939 τῶν
2346 1870 2451 1938 λό-

247 2004 407 2064 ,γων
449 1977 715 2058 οὐδεμία
741 2028 761 2057 ,
829 1975 1125 2056 βασιλεύς
1167 2000 1237 2040 τε
1278 1976 1388 2041 καί
1426 1975 1484 2041 οἱ
1543 1969 1720 2040 ἄλλοι
1764 1974 1989 2052 πάντες
2016 1976 2453 2039 ἐπαινέσονται

280 2081 390 2162 τῆς
443 2074 595 2163 πρὸς
654 2073 734 2139 τὰ
789 2076 1016 2157 βελτίω
1076 2078 1450 2159 μεταβολῆς.
1550 2076 1625 2139 οὔ
1681 2074 1802 2161 γὰρ
1851 2076 2147 2140 τοσοῦτον
2195 2070 2266 2136 τὸ
2333 2074 2450 2157 τῆς

280 2175 586 2262 ἀληθείας
627 2174 1149 2259 ἄποπλανηθῆναι
1190 2177 1559 2261 κατηγορίας
1591 2166 1798 2257 ἄξιον,
1842 2168 1990 2238 ὅσον
2022 2169 2094 2236 τό
2135 2170 2294 2257 πρὸς
2331 2170 2452 2234 αὕ-

277 2276 396 2359 την
469 2276 831 2339 ἐπανελθεῖν
899 2279 1028 2347 τοῖς
1089 2268 1289 2355 ἁγίοις
1364 2270 1736 2354 πειθόμενον
1827 2271 1937 2336 καί
2006 2268 2327 2354 θεολόγοις
2382 2271 2453 2335 ἐ-

192 2371 600 2441 ποπαινετόν.
683 2371 795 2436 καί
843 2370 899 2437 οἱ
951 2369 1228 2455 μοναχοί
1289 2373 1360 2436 δὲ
1399 2380 1532 2446 τοῖς
1585 2380 2032 2459 πνευματικοῖς
2085 2366 2450 2451 πειθόμενοι

275 2472 522 2555 νόμοις,
551 2472 809 2554 μείζονα
853 2469 1235 2548 ἐνδείξανται
1287 2475 1429 2537 νυνί
1466 2469 1583 2556 τὴν
1627 2470 1848 2558 φιλίαν
1886 2469 2048 2558 πρὸς
2086 2471 2158 2534 σὲ
2199 2471 2311 2533 καὶ
2336 2469 2452 2553 τὴν

280 2568 790 2656 εὖγνωμοσύνην,
831 2564 874 2655 ἢ
910 2576 1056 2634 καθ’
1099 2565 1246 2635 ὅσον
1274 2569 1576 2656 πρότερον
1601 2570 2014 2636 ἐνεδεύιννντο
2044 2566 2155 2653 την
2193 2571 2452 2655 πικρίαν

277 2671 392 2755 καὶ
425 2670 540 2758 τήν
581 2668 856 2758 ἔχθραν,
897 2668 985 2746 ὥς
1028 2668 1103 2734 οὗ
1145 2671 1272 2734 τῶν
1299 2670 1388 2744 εἰς
1415 2665 1647 2743 αὖτοὺς
1674 2671 1852 2733 ἕνεκα
1895 2669 2243 2748 λοιδοριῶν,
2282 2664 2447 2730 ἄλλα

277 2773 388 2857 τῆς
424 2775 549 2836 τῶν
591 2768 917 2855 δογμάτων
961 2764 1342 2851 ἀμυνόμενοι
1384 2757 1920 2853 διαστροφῆς·.ὦν
1959 2768 2164 2840 καλῶς
2203 2762 2316 2828 καί
2353 2763 2442 2840 ὥς

192 2872 586 2959 25προσῆκεν
642 2869 1178 2952 ἀποδεδειγμένων
1239 2868 1302 2931 εἰ
1354 2868 1464 2931 καί
1502 2863 1581 2932 σύ
1639 2867 1995 2952 πεισθείης,
2054 2863 2240 2929 οὐδὲν
2307 2862 2509 2929 οὕδἸ)

279 3057 388 3111 que
420 3040 571 3108 ipse,
610 3056 723 3090 non
752 3038 1098 3106 effugiturum
1126 3052 1210 3100 se,
1243 3038 1379 3109 quin
1407 3037 1695 3110 loquacem
1725 3034 2163 3087 maledicentiam
2203 3041 2259 3087 et
2292 3050 2446 3086 scur-

278 3111 542 3163 rilitatem
571 3125 723 3161 suam
757 3108 967 3171 lueret,
1007 3107 1075 3159 ad
1102 3124 1357 3177 magnum
1388 3107 1747 3161 domesticum
1774 3106 2092 3174 imperatori
2120 3104 2449 3157 assidentem

274 3179 537 3234 'accedens
558 3218 576 3244 ,
624 3179 1088 3249 compendiariam
1122 3178 1394 3248 quoddam
1435 3178 1504 3230 ab
1538 3195 1601 3232 eo
1642 3176 1905 3229 auxilium
1939 3185 1996 3229 et
2024 3176 2309 3229 eonsilium
2340 3172 2450 3225 ssa·-

276 3250 518 3322 gitabat,
575 3267 682 3320 quo
725 3250 1100 3301 imminentem
1188 3266 1382 3301 oenam
1423 3249 1695 3305 evaderet.
1768 3247 1908 3299 Tum
1961 3248 2057 3300 ille
2092 3256 2150 3300 et
2191 3254 2349 3298 antea
2388 3260 2448 3296 se

277 3328 588 3391 opportuna
622 3321 884 3381 suasisse,
929 3318 1058 3370 dum
1085 3336 1117 3370 a
1169 3337 1305 3390 onga
1344 3336 1468 3372 eum
1507 3318 1903 3390 digladiatione
1945 3317 2246 3371 deterreret
2293 3324 2351 3367 et
2378 3314 2450 3368 ad

276 3390 608 3445 credendum
652 3389 967 3453 monachis,
1014 3395 1204 3459 utpote
1239 3392 1298 3442 in
1350 3390 1434 3443 his
1493 3388 1952 3460 sapientioribus,
1993 3386 2339 3441 hortaretur:
2392 3391 2450 3438 et

274 3477 427 3515 nune
472 3460 646 3513 nihilo
693 3461 872 3511 minus
921 3476 1201 3511 suasurum
1261 3460 1524 3513 facturum
1568 3478 1636 3513 ue
1673 3457 1818 3532 quod
1846 3460 1940 3511 mi
1976 3460 2233 3529 prodesse
2256 3458 2448 3529 possit.

276 3534 338 3586 si
372 3533 517 3585 enim
549 3548 650 3583 nee
682 3530 751 3582 ad
797 3530 960 3581 allata
996 3531 1054 3582 in
1098 3530 1338 3583 medium
1390 3532 1524 3584 refel
1552 3531 1679 3584 endi
1725 3547 1884 3582 eausa
1927 3530 2225 3602 quidquam
2262 3526 2445 3578 dicere

273 3602 508 3662 haberet
572 3602 803 3669 amplius
884 3600 1269 3671 crederetque,
1341 3602 1633 3656 monachos
1699 3602 1928 3653 meliora
1990 3609 2046 3652 et
2102 3599 2330 3651 iustiora
2389 3603 2449 3652 et

275 3676 473 3727 sanctis
537 3679 903 3726 consentanea
958 3670 1256 3735 disserere,
1305 3673 1439 3742 quid
1493 3689 1628 3742 opus
1690 3679 1842 3724 esset.
1879 3678 2222 3739 exspectare,
2272 3667 2448 3722 donec

275 3752 394 3797 atro
452 3743 660 3796 calculo
719 3758 776 3794 se
833 3740 1078 3793 damnari
1140 3740 1399 3795 videret?
1469 3745 1605 3815 quin
1657 3744 1838 3812 potius
1900 3747 2212 3811 exsurgeret
2289 3738 2448 3808 prio-

278 3832 504 3885 remque
560 3814 835 3868 inscitiam
903 3819 960 3863 et
1026 3812 1258 3881 agnitam
1320 3813 1602 3865 veritatem
1672 3813 1848 3881 palam
1917 3812 2302 3872 confiteretur,
2389 3817 2449 3861 et

275 3887 480 3954 sanctis
537 3885 892 3937 assentiretur
957 3878 1380 3953 inimicitiasque
1436 3902 1557 3936 cum
1611 3880 1892 3935 monachis
1956 3888 2205 3951 poneret.
2276 3877 2335 3932 Si
2386 3895 2445 3932 se

271 3956 520 4016 audiret,
597 3970 777 4024 neque
852 3951 1167 4004 detrimenti
1242 3953 1547 4037 quidquam
1613 3961 1961 4015 secuturum,
2032 3961 2090 4005 et
2144 3952 2445 4019 imperato·

274 4044 390 4084 rem
433 4035 749 4110 ceterosque
787 4024 1192 4075 conversionem
1222 4041 1338 4076 eius
1369 4024 1699 4077 laudaturos.
1756 4022 1879 4074 Non
1905 4021 2049 4074 enim
2082 4030 2190 4076 tam
2217 4022 2443 4094 dignum

279 4114 404 4149 esse
444 4113 681 4148 accusari
731 4096 825 4164 qui
866 4110 896 4143 a
930 4095 1162 4145 veritate
1196 4094 1564 4159 aberraverit,
1604 4109 1769 4166 quam
1805 4093 2203 4155 commendari,
2239 4093 2333 4161 qui
2373 4088 2444 4140 ad

275 4183 393 4220 eam
428 4168 629 4218 sanctis
668 4166 797 4217 viris
847 4173 904 4216 et
942 4161 1210 4234 theologis
1246 4165 1470 4218 credens
1507 4163 1760 4227 redierit,
1827 4172 1882 4215 et
1918 4162 2186 4218 monacho
2250 4178 2445 4217 secun-

276 4237 406 4292 dum
426 4238 571 4308 leges
610 4238 846 4308 ipsorum
883 4234 1190 4306 spirituales
1215 4238 1420 4291 maiore
1458 4238 1516 4289 in
1543 4243 1818 4307 posterum
1850 4236 2075 4288 caritate
2102 4251 2197 4288 can
2239 4248 2441 4307 oreque
