2982 4913
1087 227 1564 294 PRAEFATIO,
2275 238 2412 299 XX!

240 398 575 476 veniamus,
661 395 955 480 Origenes
1011 408 1073 459 et
1112 396 1524 465 Tertullianus
1586 397 1796 483 quales
1836 400 2082 467 tandem
2127 400 2424 485 snei-unu,

239 495 451 558 Nonne
506 514 721 558 eorum
788 494 1067 559 haereses
1134 509 1337 562 extant
1352 506 1384 561 7
1495 500 1807 565 Feruntur
1870 499 2412 568 demonstrationes

237 595 614 679 evangelicae
664 596 914 658 Eusebii
965 598 1271 681 Pamphili
1295 643 1316 678 ‚
1374 602 1443 661 in
1482 600 1709 683 quibus
1756 611 1964 684 aperte
1985 645 2006 683 ‚
2063 612 2125 663 et
2171 605 2409 686 saepius

228 688 536 778 ἅριανιζει
556 739 578 775 ‚
628 695 796 777 quod
841 695 1220 761 doctissimus
1245 697 1458 760 Billius
1499 699 1994 765 observationum
2034 700 2250 781 lib.1‚
2271 724 2418 785 cap.

227 814 316 876 27.
335 792 529 876 plane
577 814 651 856 ac
694 795 919 857 diserte
962 796 1243 866 ostendit.
1326 798 1495 878 Quid
1530 798 2072 865 demonstrationes
2098 799 2414 884 evangeli-.

224 914 320 954 cae
334 899 366 955 7
448 894 673 957 Statim
702 898 769 957 in
814 898 944 977 ipso
972 898 1272 980 principio
1314 896 1747 965 ecclesiasticae
1788 900 1918 962 eius
1944 899 2232 962 historiae
2259 889 2419 983 (quo

222 1004 616 1057 monumento
655 993 811 1059 nihil
856 994 1149 1058 habemus
1203 998 1269 1058 in
1325 996 1637 1080 republica
1689 988 2034 1060 Christiana
2089 997 2402 1080 illustrius)

219 1089 602 1155 Arianismos
651 1092 884 1177 aliquot
937 1094 1225 1160 observat
1274 1106 1443 1159 tomo
1493 1099 1674 1159 tertio
1725 1095 2058 1159 Annalium
2110 1098 2399 1161 Zonaras.

217 1189 418 1252 Sunt
397 1213 465 1252 ιιι
507 1193 791 1259 manibus
833 1206 1226 1260 monumenta
1269 1195 1476 1259 Photii
1495 1241 1514 1276 ,
1569 1206 1711 1258 sunt
1756 1196 2066 1260 Theodori
2087 1196 2397 1260 Balsamo-

212 1289 306 1350 nis
330 1335 353 1370 ‚
421 1294 530 1375 qui
574 1293 864 1370 Latinos,
912 1304 985 1355 ut
1029 1293 1552 1377 pestilentissimus
1597 1294 2011 1358 schismaticus
2032 1340 2051 1375 ,
2107 1298 2400 1358 conviciis

204 1391 438 1471 passim
464 1389 709 1454 lacerat,
789 1393 1057 1475 Eosdem
1084 1393 1168 1456 oh
1192 1398 1635 1477 processionem
1680 1399 1871 1457 sancti
1895 1395 2156 1479 Spiritus
2192 1397 2394 1479 exagi-

202 1498 299 1550 tat
325 1490 517 1551 etiam
548 1490 766 1555 nobilis
803 1493 964 1554 inter
986 1492 1300 1577 theologos
1334 1505 1536 1579 patres
1564 1494 2056 1578 Theophylactus
2075 1490 2394 1579 Bulgariae

202 1589 531 1672 episeopus
547 1633 568 1669 ,
624 1601 685 1653 et
705 1635 724 1669 ‚
785 1591 960 1653 cuius
988 1590 1264 1653 similiter
1302 1613 1594 1676 magnum
1609 1593 1793 1654 inter
1828 1614 2038 1656 sacros
2068 1595 2396 1676 scriptores

197 1709 433 1751 nomen
483 1700 616 1770 est,
672 1691 1070 1774 Euthymius.
1174 1690 1436 1754 Possum
1486 1691 1688 1753 adhuc
1725 1693 2040 1753 nominare
2082 1692 2392 1773 homilias,

202 1799 264 1849 et
296 1788 421 1851 alia
449 1793 679 1872 scripta
717 1790 1136 1853 huiuscemodi
1173 1791 1518 1870 hominum,
1570 1812 1731 1875 quae
1768 1795 1832 1853 in
1863 1791 2149 1852 Latinum
2188 1802 2389 1853 trans·-

200 1885 324 1950 lata
342 1886 660 1973 leguntur,
718 1902 780 1953 et
805 1890 885 1953 ab
913 1890 1165 1953 eruditis
1203 1890 1619 1975 proferuntur.
1701 1890 1768 1951 Si
1793 1912 1938 1974 ergo
1963 1912 2077 1952 nec
2113 1893 2387 1974 superio-

196 2009 334 2048 rum
363 1988 658 2051 historiae
676 2034 698 2070 ,
748 2011 861 2052 nee
891 1991 1145 2052 istorum
1184 1991 1603 2053 commentarii
1644 1989 1934 2051 hactenus
1963 1987 2247 2051 ecclesiae
2288 1992 2383 2051 in·-

196 2089 702 2153 commodas-unt:
747 2091 897 2174 quin
923 2091 1126 2174 potius
1150 2087 1336 2174 (quod
1363 2111 1460 2152 res
1485 2087 1739 2159 clamat)
1768 2090 1993 2150 mirum
2021 2090 2086 2149 in
2131 2088 2384 2151 modum

196 2184 709 2274 vehementerque
750 2189 1215 2252 commodarunt
1231 2234 1252 2270 ‚
1310 2210 1389 2251 ne
1433 2208 1471 2250 a
1500 2189 1919 2251 Cantacuzeno
1956 2188 2203 2271 quidem
2248 2208 2381 2251 ma-

196 2291 289 2371 gis
310 2289 611 2351 damnum
645 2288 842 2351 ullum
882 2288 1275 2351 metuendum
1296 2332 1317 2368 ,
1371 2310 1558 2371 quam
1597 2287 1855 2366 fructae,
1902 2290 2074 2370 isque
2097 2309 2222 2349 non
2250 2309 2380 2348 me—

195 2387 419 2450 diocris
438 2433 459 2471 ‚
504 2399 578 2450 ut
608 2410 678 2450 ex
708 2387 1198 2451 antecedentibus
1227 2389 1450 2471 patuit,
1501 2385 1932 2471 exspectandus
1961 2397 2068 2448 est.
2149 2387 2381 2448 Rerum

192 2500 503 2573 gestamm
574 2510 646 2551 ac
689 2490 1089 2553 vetustiorum
1155 2498 1532 2570 temporum,
1564 2486 1777 2549 utilem
1796 2530 1815 2564 ,
1864 2473 2382 2569 necessariamque

194 2590 607 2672 cognitionem
666 2590 1087 2672 persequimur
1128 2598 1190 2649 et
1233 2588 1635 2670 inquirimus=
1695 2589 1744 2650 si
1787 2585 1936 2668 quid
1980 2585 2284 2647 interdum
2314 2588 2378 2645 in

189 2689 260 2750 iis
289 2673 500 2750 minus
541 2687 1020 2750 commendabile
1063 2688 1400 2770 aspergitur
1424 2732 1446 2768 ‚
1489 2685 1555 2746 id
1599 2695 1729 2747 tota
1765 2697 1967 2748 mente
2024 2705 2376 2747 aversamur

188 2799 372 2870 atque
401 2790 746 2850 reiicimus:
806 2798 869 2849 et
914 2784 1147 2849 calamo
1184 2788 1364 2848 etiam
1386 2830 1404 2864 ,
1454 2804 1596 2846 cum
1638 2795 1728 2844 est
1762 2785 1997 2845 occasio
2018 2827 2040 2862 ,
2095 2794 2378 2844 notamus

189 2899 375 2971 atque
416 2887 821 2951 confodimus.
904 2885 963 2947 N
965 2907 1035 2948 ec
1066 2905 1231 2950 >vero
1275 2883 1353 2945 ab
1396 2884 1514 2944 hoe
1553 2893 1801 2944 auctore
1839 2894 2049 2943 nostro
2091 2879 2379 2942 ecclesiae

187 2985 504 3049 Romanae
526 3032 547 3068 ‚
608 2996 714 3048 aut
752 2988 1030 3048 Romano
1070 2982 1338 3069 pontifici
1368 2981 1769 3052 contumeliae
1802 2981 2089 3041 dicuntur
2109 3024 2129 3061 ,
2190 3001 2374 3061 quem

185 3099 453 3171 patrem,
501 3089 943 3150 sanctissimum
986 3085 1328 3164 dominum,
1383 3093 1491 3144 tua
1530 3081 1852 3158 sanctitas,
1917 3090 2025 3140 tua
2064 3077 2378 3140 beatitudo

186 3199 364 3250 vocat
386 3209 406 3249 ε
455 3198 519 3249 et
544 3198 615 3248 ut
643 3187 806 3269 apud
836 3207 975 3247 eum
1000 3186 1286 3268 opinione
1325 3181 1487 3244 mala
1525 3202 1603 3242 nc
1638 3180 1741 3260 sit,
1786 3178 2057 3242 elaborat
2085 3178 2388 3261 (propter-

186 3285 483 3349 barbaros
504 3332 525 3368 ‚
570 3288 804 3348 Turcas
847 3286 1126 3348 videlicet
1147 3331 1166 3365 ‚
1217 3285 1283 3345 in
1327 3282 1615 3344 auxilium
1645 3281 1964 3342 accersitos
1982 3323 2001 3357 ‚
2040 3289 2369 3339 vastatam-

186 3408 304 3469 que
328 3386 495 3448 hello
524 3385 687 3449 civili
712 3385 1138 3468 provinciam)
1175 3405 1317 3446 cum
1345 3404 1421 3443 eo
1444 3403 1616 3442 arma
1645 3380 1933 3442 adversus
1960 3377 2229 3439 infideles
2254 3398 2371 3459 pro

187 3487 381 3570 gloria
425 3489 623 3547 crucis
668 3486 894 3548 Christi
939 3486 1303 3566 coniungere
1347 3483 1555 3565 cupit:
1624 3481 1753 3541 eius
1791 3477 2199 3540 laudationem
2252 3476 2367 3537 sibi

189 3585 562 3669 amplissimo
599 3585 818 3647 honori
856 3584 1025 3648 ducit
1040 3607 1059 3645 ε
1115 3583 1341 3667 legatos
1379 3582 1569 3665 ipsius
1605 3580 1865 3662 benigne
1904 3579 2163 3659 exeipit:
2226 3597 2366 3635 curn

190 3686 429 3765 eodem,
470 3685 781 3748 Clemente
810 3686 1100 3746 nimirum
1138 3684 1280 3762 V1.,
1323 3681 1401 3743 de
1445 3678 1681 3764 synodo
1721 3675 2043 3753 habenda,
2100 3674 2363 3735 redinte—

188 3786 542 3868 grandaque
589 3784 977 3847 ecclesiarum
1016 3782 1341 3846 concordia
1385 3778 1639 3843 sollicite
1694 3799 1765 3839 ae
1826 3783 2172 3837 reverenter
2218 3776 2362 3856 agit,

74 3931 81 3944 .
188 3882 349 3966 Non,
396 3886 645 3969 inquam
669 3930 687 3963 ,
746 3884 848 3945 hic
895 3884 1123 3967 probra
1169 3894 1229 3945 et
1254 3879 1572 3943 maledicta
1598 3879 1902 3940 iaciuntur
1925 3898 1944 3936 =
1992 3873 2099 3937 sed
2132 3874 2363 3934 dissen-

190 3983 269 4047 sio
327 4005 404 4048 ac
436 3984 750 4049 dissidium
792 3984 948 4049 illud
975 4007 1011 4047 a
1036 3984 1211 4048 nobis
1235 3981 1465 4045 Latinis
1488 4023 1507 4062 ,
1539 3981 1661 4041 iam
1706 3975 1884 4061 lippis
1920 3987 1979 4037 et
2020 3973 2365 4039 tonsoribus
