2982 4913
568 326 821 421 ,mm
1426 326 1497 388 -ι,
1564 318 1963 421 ΡοΝἸἎΝιδ

571 483 827 561 iudices,
861 476 1376 566 quemadmodum
1404 478 1557 541 olim
1590 479 1773 541 duces
1810 478 2100 539 exercitus
2149 475 2462 560 gestabant
2485 487 2765 565 torques,

568 568 867 630 honorem
924 567 1197 647 ipsorum
1245 562 1745 625 demonstrantes.
1831 555 1904 623 τὸ
1930 557 2170 644 ῥοῦχον
2202 582 2485 659 suprema
2536 569 2726 627 vestis
2742 612 2763 646 ,

442 716 455 723 ,
573 651 801 732 species
839 651 1025 709 vestis
1062 668 1096 708 e
1124 647 1448 708 Germania
1469 656 1782 727 apportata
1800 689 1818 724 ,
1858 642 2024 704 unde
2053 645 2483 705 Germanicum
2530 667 2764 710 nomen

571 733 860 807 retinuit,
926 729 1114 791 Rock.
1191 730 1350 789 Hinc
1409 725 1784 811 ῥουχαρεῖον
1828 728 2179 787 vestiarium
2219 727 2465 808 speciali
2510 734 2767 793 nomine

572 836 611 875 a
641 811 1001 894 Curopalata
1031 810 1393 894 appellatur,
1427 813 1581 893 ,quia
1621 809 1798 871 latius
1826 819 1994 891 patet
2034 830 2256 870 nomen
2288 812 2560 872 vestiarii
2597 815 2769 895 apud

570 899 935 960 recentiores
985 896 1267 955 Graecos.
1354 894 1897 956 Protovestiarius
1919 935 1938 970 ,
1995 903 2068 952 ut
2106 915 2141 952 a
2183 912 2352 953 amus
2391 892 2720 958 dilucidius
2742 941 2765 976 ,

571 982 737 1062 regio
795 978 1039 1040 vestitui
1107 986 1381 1059 praeerat
1402 1020 1421 1053 ‚
1485 974 1653 1056 quod
1712 974 1910 1036 hodie·
1945 974 2163 1035 cubicu
2188 977 2455 1037 ariorum
2515 979 2768 1041 videtur
2855 1026 2862 1031 .

571 1082 815 1125 munus.
901 1060 1090 1141 Saepe
1116 1060 1296 1121 rebus
1324 1060 1566 1119 maximi
1596 1059 1886 1119 momenti
1916 1056 2382 1137 adhibebantur,
2427 1071 2490 1120 et
2515 1081 2613 1122 res
2649 1084 2766 1144 per

573 1166 676 1207 eos
713 1166 837 1205 non
859 1142 1137 1224 vulgares
1161 1140 1546 1226 gerebantur,
1588 1151 1659 1202 ut
1685 1144 1750 1201 in
1774 1142 2089 1222 Lecapeno
2131 1152 2192 1202 et
2220 1142 2425 1202 Leone
2449 1142 2654 1205 Basilii
2679 1147 2759 1212 F.

572 1227 829 1289 Credeni
860 1224 1068 1287 videre
1105 1237 1217 1303 est.
1298 1224 1374 1285 In
1407 1224 1800 1286 Constantino
1858 1224 2133 1285 Romano
2189 1223 2264 1285 F.
2305 1229 2759 1306 protovestiarii

570 1311 830 1393 dignitas
863 1310 1135 1390 proxima
1175 1329 1213 1369 a
1254 1307 1584 1368 domestico
1643 1306 1986 1371 scholarum
2031 1317 2091 1367 et
2137 1307 2505 1386 accubitore,
2555 1309 2761 1392 biglae

567 1392 922 1476 drungariO,
950 1393 1222 1472 superior
1247 1389 1609 1453 ostenditur.
1695 1391 1932 1469 Inveni,
1973 1391 2081 1473 qui
2124 1390 2433 1469 scriberet,
2465 1392 2761 1455 Protove-

570 1478 844 1537 stiarium
892 1473 1073 1534 fuisse
1098 1473 1538 1535 thesaurarium
1584 1494 1690 1534 seu
1716 1473 2000 1534 thesauro
2036 1473 2429 1555 praefectum,
2472 1477 2618 1556 quia
2646 1477 2760 1553 βε-

570 1555 854 1637 στιάριον
881 1559 1177 1618 aerarium
1197 1567 1448 1617 vocetur
1504 1575 1611 1617 seu
1653 1555 1922 1618 thesauri
1947 1558 2394 1638 repositorium,
2437 1561 2756 1634 ταμιεῖον.

572 1638 761 1719 Quod
812 1659 924 1722 ego
987 1639 1235 1723 quidem
1286 1640 1353 1701 in
1402 1637 1609 1723 aliquo
1667 1638 1768 1703 vel
1819 1650 2067 1704 auctore
2118 1637 2219 1701 vel
2269 1637 2562 1723 glossario
2607 1662 2758 1703 non·

574 1721 722 1785 dum
759 1721 782 1783 l
860 1723 894 1789 ⁶.

734 1744 1204 1888 Δθιῗιαιοφύλαξ,
1248 1801 1325 1865 ad
1353 1803 1637 1883 verbum,
1682 1805 1906 1867 Custos
1956 1806 2161 1886 legam
2199 1814 2263 1866 ce
2303 1805 2490 1885 iuris,
2521 1805 2602 1868 de
2627 1827 2756 1890 quo

566 1890 919 1972 magistratu
948 1884 1100 1948 nihil
1126 1886 1309 1948 habet
1337 1887 1721 1969 Curopalata.

745 1974 888 2050 Any
969 1961 1186 2049 ιάστης
1207 2012 1228 2051 ,
1271 1967 1690 2047 Legat-instes.
1775 1967 1833 2029 A
1880 1965 2245 2053 Curopalata
2299 1966 2545 2033 additur
2563 2015 2583 2050 ,
2641 1970 2758 2053 τῆς

570 2048 775 2134 αὐλῆς
792 2096 812 2129 ,
856 2074 933 2112 au
994 2071 1028 2112 e
1084 2070 1191 2112 seu
1252 2049 1482 2133 palatii.
1571 2053 1854 2114 Rationes
1901 2054 2013 2113 init
2052 2054 2327 2113 omnium
2366 2054 2756 2135 stipendiato-

564 2136 992 2279 ξὲῗὲΓΞὶ-’ἑὲἓι
1009 2130 1150 2276 {2¹³¹ss
1190 2134 1804 2280 ⁸2¹u¹¹1t133³³03323¹0⁶53⁸t
1831 2131 1966 2281 ”3¹³2
1986 2133 2223 2280 3301?sp
2225 2134 2757 2282 ‘xdii’ffiiszffi

566 2309 630 2358 et
669 2292 1053 2381 φροντιστής
1084 2259 1196 2359 καί“
1219 2296 1526 2380 λογιστής.
1627 2238 1863 2363 'Valperecre²
1872 2311 2093 2444 gutant
2133 2240 2355 2378 idem}>
2377 2302 2543 2384 quod
2572 2324 2753 2386 quae·

567 2392 695 2442 stor
733 2391 839 2442 aut
890 2391 1165 2463 receptor
1208 2381 1502 2465 generalis
1523 2427 1541 2463 ,
1601 2394 1707 2446 aut
1747 2405 1870 2468 quo
1940 2385 2258 2446 Germanis
2285 2394 2376 2447 αἱ
2413 2385 2753 2447 Kammeffi

570 2466 853 2546 maister.
937 2464 1089 2526 Inde
1116 2462 1348 2527 clarum
1376 2469 1513 2549 quis
1538 2465 2133 2551 μεγαλογαριάστης.

724 2542 1255 2628 ’.Αποκρισιᾰριος
1271 2595 1291 2626 ,
1349 2551 1856 2632 Apocrisiarius.
1938 2551 2039 2612 Sic
2081 2550 2489 2613 iurisconsulti
2530 2552 2753 2613 Graeci

567 2649 707 2690 eum
746 2633 1063 2692 nominant
1079 2671 1100 2709 ‚
1142 2633 1248 2712 qui
1280 2629 1674 2715 legationibus
1704 2633 2017 2695 audiendis
2055 2633 2498 2719 referendisque
2536 2634 2616 2695 ad
2639 2638 2749 2696 im-

563 2722 902 2793 peratorem
944 2724 1004 2774 et
1041 2716 1340 2795 responsis
1381 2715 1460 2776 ab
1499 2736 1571 2777 eo
1614 2715 1827 2778 dandis
1860 2719 2217 2780 constitutus
2255 2728 2369 2778 est.

729 2791 1186 2877 Χαρτοφύλαξ,
1233 2795 1600 2879 Praefectus
1625 2798 1895 2861 Chat-tis.
1938 2801 2061 2879 Qui
2090 2799 2329 2862 tabulas
2359 2798 2544 2863 habet
2582 2799 2748 2864 char-

565 2884 791 2954 taceas,
836 2879 915 2939 ad
942 2881 1073 2940 iura
1107 2878 1389 2940 ecclesiae
1419 2882 1811 2962 pertinentes,
1854 2882 2203 2945 chartarum
2225 2893 2450 2963 custos,
2493 2887 2599 2966 qui
2605 2886 2750 3026 cpri-

562 2959 785 3043 vilegia
823 2973 884 3023 et
921 2960 1139 3023 similia
1190 2974 1457 3025 asservat
1477 3009 1496 3045 ,
1580 2964 1870 3027 raefectus
1918 2969 2304 3044 scriniorum,
2361 2967 2539 3027 iudex
2582 2970 2602 3025 i
2647 2979 2748 3027 em

562 3063 883 3107 causarum
912 3044 1444 3107 ecclesiasticamm
1496 3069 1530 3110 e
1603 3051 2025 3130 quaestionum
2059 3049 2615 3126 matrimonialium,
2647 3048 2749 3109 de-

561 3124 766 3188 fensor
820 3131 884 3189 in
932 3127 1287 3189 clericorum
1327 3132 1549 3191 caussis
1572 3173 1592 3203 ,
1649 3129 1837 3193 veluti
1879 3151 2094 3192 manus
2144 3135 2364 3195 summi
2418 3132 2747 3196 sacerdotis

476 3277 481 3284 ,
560 3206 788 3269 dextra.
890 3208 1048 3271 Hinc
1070 3208 1269 3289 μέγας
1291 3206 1730 3294 χαρτοφὺλαξ.
2725 3229 2730 3234 ’

726 3287 1108 3368 Δομέστικος
1164 3290 1277 3371 τῆς
1329 3292 1644 3374 τραπέζης
1663 3340 1683 3380 ,
1765 3291 2041 3380 Dapzfir
2058 3338 2080 3377 ,
2137 3303 2243 3356 aut
2280 3292 2475 3357 simile
2513 3294 2778 3358 habens·

558 3368 848 3451 officium,
889 3384 960 3433 ut
985 3375 1277 3457 suspicor.

727 3453 1160 3539 Δρουγγάριος
1182 3501 1201 3534 ,
1259 3458 1678 3544 Dmngariusj.
1763 3454 2096 3544 Δρουγγοὶς
2151 3481 2258 3523 seu
2302 3455 2599 3544 δρουγγὸς
2628 3464 2748 3524 ori-

565 3535 761 3598 entale
802 3559 1047 3616 nomen,
1091 3550 1329 3601 coetum
1371 3540 1686 3602 hominum
1713 3561 1838 3604 una
1878 3547 2345 3605 commeantium
2378 3544 2743 3627 significanS,

565 3630 627 3680 et
655 3630 861 3682 coetus
914 3620 1074 3683 illius
1125 3621 1403 3704 princeps
1458 3635 1708 3690 vocatur
1751 3626 1996 3708 Dargon
2040 3626 2140 3688 vel
2197 3629 2474 3709 Dorgon,
2507 3648 2576 3687 ex
2616 3649 2744 3710 quo

560 3702 967 3785 Drungarius,
1021 3707 1177 3766 facta
1226 3706 1532 3788 epenthoei
1586 3708 1701 3768 τοῦ
1740 3728 1777 3767 ν
1817 3729 1930 3791 pro
1969 3728 2010 3788 γ
2050 3712 2374 3791 geminato.
2475 3710 2746 3786 Quidam

558 3798 779 3847 vocant
803 3788 1116 3849 tribunum
1145 3789 1430 3851 militum.
1514 3791 1804 3872 Drungus
1842 3790 2091 3873 globum
2128 3794 2442 3875 significat,
2486 3794 2573 3852 ait
2589 3794 2744 3853 Tur-

560 3869 753 3930 nebus
802 3868 960 3931 libro
997 3873 1285 3953 vigesimo
1321 3884 1538 3954 quarto
1582 3876 1779 3955 capite
1807 3877 2096 3956 vigesimo
2135 3879 2371 3957 quinto.
2439 3875 2743 3956 Vopiscus

557 3952 623 4009 in
670 3950 877 4012 Probo
903 3976 921 4013 τ
983 3954 1411 4037 Triumphavit
1448 3956 1525 4017 de
1560 3959 1873 4019 Germanis
1903 3968 1964 4018 et
1991 3957 2257 4036 Blemiis,
2299 3960 2573 4019 omnium
2606 3980 2745 4040 gen-

557 4035 713 4094 tium
755 4034 1018 4118 drungos
1037 4081 1056 4114 ‚
1098 4059 1290 4120 usque
1320 4038 1397 4098 ad
1426 4042 1848 4122 quingenarius
1894 4039 2167 4100 homines
2195 4052 2336 4101 ante
2360 4040 2743 4122 triumphum

557 4115 748 4180 duxit.
831 4119 1118 4202 Vegetius
1166 4121 1325 4183 libro
1368 4125 1550 4183 tertio
1594 4126 1788 4205 capite
1816 4123 2050 4184 decimo
2078 4133 2264 4183 sexto=
2366 4122 2535 4185 Scire
2560 4123 2742 4184 debet

554 4197 674 4260 dux
710 4200 1001 4284 hostium,
1045 4215 1255 4267 contra
1316 4226 1469 4289 quos
1504 4205 1768 4290 drungoe
1810 4204 1987 4289 (male
2012 4205 2301 4289 scriptum
2343 4205 2588 4287 drnnos)
2615 4205 2736 4268 hoc
