2982 4913
587 316 723 378 xvi
1448 309 1501 371 1.
1570 300 1926 375 PONTANI

586 480 706 545 Sed
752 483 919 543 iuvat
959 480 1146 563 ipsius
1201 477 1600 540 Cantacuzeni
1645 478 1833 540 verba
1873 478 2147 562 proferre
2191 478 2258 540 in
2305 478 2574 544 medium
2593 526 2613 561 ,
2687 504 2760 544 ex

586 583 725 644 libri
755 582 955 663 quarti
984 579 1178 663 capite
1220 581 1510 662 vigesimo
1545 589 1763 661 quarto
1785 624 1803 659 ,
1836 578 2028 658 unde,
2073 579 2380 662 quomodo
2423 601 2488 643 se
2513 583 2766 664 gesserit

585 682 651 741 in
697 679 950 753 biam-ia
995 677 1310 740 scribenda
1349 678 1675 760 Gregoras‚
1717 676 1949 761 liquido
1973 681 2392 761 perspiciatur.
2474 680 2762 763 Impera·
2835 734 2850 743 „

585 792 788 841 torem
832 798 984 840 vero
1046 778 1541 839 Cantacuzenum
1567 823 1585 855 ‚
1647 790 1977 860 postquam
2025 778 2229 859 ipsum
2264 798 2386 860 per
2426 797 2492 838 se
2534 778 2760 861 depri-

584 897 751 940 mere
808 890 992 961 atque
1037 889 1318 938 evertere
1372 895 1498 937 non
1538 879 1783 961 potuit,
1830 876 2351 958 Palaeologorum
2405 878 2758 959 imperato-

585 997 725 1039 rum
759 975 984 1039 bellum
1013 988 1291 1037 mutuum
1317 996 1441 1059 pro
1478 988 1840 1056 argumento
1871 996 2153 1038 sumens.-
2207 988 2273 1038 et
2305 977 2545 1062 partim
2575 977 2761 1056 igno..

586 1076 796 1136 rancia
854 1094 1066 1135 rerum
1116 1086 1431 1154 gestarum
1450 1120 1475 1147 ,
1541 1077 1780 1159 partim
1841 1076 2051 1155 gratia
2107 1087 2411 1160 corrupta
2458 1076 2757 1152 veritate,

581 1194 689 1235 ac„
721 1175 869 1236 totis
915 1173 1161 1235 viribus
1210 1174 1386 1235 velut
1440 1174 1509 1233 in
1550 1172 1785 1255 fabula
1841 1172 2378 1261 committi-scentia·
2425 1174 2755 1246 mentiens,

583 1270 816 1333 deinde
847 1271 1070 1334 ordine
1101 1271 1194 1333 ad
1227 1271 1481 1348 bellum,
1538 1270 1718 1355 quod
1744 1283 1964 1334 nostra
1997 1272 2301 1334 memoria
2341 1284 2563 1334 contra
2594 1271 2755 1333 Can-

581 1385 949 1433 tacuzenum
985 1371 1332 1432 excitatum
1391 1382 1520 1451 est,
1589 1390 2010 1454 progressus,
2079 1384 2209 1433 tum
2249 1369 2380 1432 alia
2427 1371 2756 1455 complura

579 1470 836 1532 crimini
877 1468 1033 1541 dat,
1088 1472 1455 1542 servitutes,
1515 1468 1780 1542 caedes,
1834 1468 2329 1542 trucidationes,
2388 1467 2758 1552 populatio-

578 1588 691 1629 nes
707 1611 736 1641 ,
794 1578 859 1628 et
878 1588 1301 1655 ‘quaecunque
1343 1569 1643 1632 Romanis
1676 1587 1795 1650 per
1835 1565 1913 1629 id
1963 1567 2195 1632 bellum
2245 1568 2535 1629 luctuosa
2585 1567 2754 1627 inci-

579 1665 812 1728 derunt
826 1710 852 1739 ,
897 1667 999 1727 illi
1025 1665 1388 1729 adscribens
1413 1691 1434 1726 .-
1474 1680 1609 1728 tum
1646 1668 1726 1730 ob
1779 1686 2056 1729 amorem
2111 1665 2494 1729 dominandi
2546 1665 2754 1746 impe-

582 1765 884 1847 rialisque
924 1746 1184 1848 fastigii
1238 1763 1596 1849 cupidinem
1647 1765 1964 1828 malorum
2014 1764 2276 1827 illorum
2324 1763 2562 1827 nullam
2622 1762 2751 1822 du·

574 1864 751 1926 :cisse
795 1865 1099 1927 rationem
1152 1860 1451 1943 affirmat.
1537 1863 1719 1925 Illud
1746 1875 1949 1925 autem
1995 1861 2495 1925 Cantacuzenum
2534 1861 2747 1946 potis·-

400 2002 431 2023 ..
577 1967 801 2024 simum
848 1965 1105 2025 vellicat
1160 1974 1220 2023 et
1265 1981 1378 2023 cor
1409 1962 1544 2022 eius
1583 1962 1748 2040 urit,
1815 1961 1995 2045 quod
2035 1963 2377 2036 mentitur,
2418 1982 2592 2037 eum,
2635 1959 2753 2022 acl-

578 2063 698 2122 huc
733 2061 975 2121 vivente
1004 2058 1421 2134 Andronico,
1501 2061 1760 2144 imperii
1788 2061 2060 2123 Romani
2095 2059 2279 2141 longe
2315 2058 2750 2143 appetentissi-

575 2179 745 2221 mum
760 2202 787 2231 ,
860 2178 1000 2220 cum
1043 2158 1122 2223 id
1153 2160 1400 2241 assequi
1433 2178 1564 2222 non
1611 2171 1868 2243 posset,
1927 2158 2020 2221 ad
2063 2161 2403 2222 monachos
2435 2161 2504 2221 in
2539 2170 2749 2221 monte

574 2257 741 2320 Atho
757 2301 782 2329 ,
840 2259 955 2341 qui
1009 2259 1143 2318 viri
1195 2260 1400 2320 sancti
1466 2271 1529 2321 et
1579 2282 1620 2321 a
1658 2259 1798 2322 Deo
1848 2257 2056 2340 afflati
2073 2305 2094 2337 ‚
2138 2255 2514 2340 fictus-orum
2556 2277 2751 2342 prae·

552 2356 923 2449 ‚sensionem
955 2356 1182 2418 hahere
1211 2357 1660 2421 indicabantur
1677 2402 1696 2436 ,
1750 2357 2109 2442 profectum
2138 2376 2271 2418 esse
2290 2401 2315 2429 ,
2360 2355 2441 2418 de
2469 2352 2749 2438 futuris,

574 2466 642 2517 et
683 2478 765 2517 an
801 2454 894 2518 ad
932 2475 1000 2517 se
1034 2456 1379 2520 Romanum
1433 2460 1765 2542 imperium
1815 2470 2257 2543 perventurum
2311 2469 2474 2518 esset
2492 2500 2518 2530 ,
2590 2473 2750 2539 per-

576 2567 1013 2619 cunctatur-um
1066 2567 1179 2620 etc.
1270 2559 1559 2622 Attamen
1605 2559 1736 2620 fieri
1787 2569 2024 2641 potest,
2078 2568 2151 2619 ut
2178 2557 2478 2639 Greguras
2505 2553 2582 2614 de
2609 2573 2747 2613 mo-

574 2654 747 2716 ribus
793 2653 1131 2717 Andronici
1181 2657 1481 2741 quaedam
1508 2678 1634 2719 non
1675 2678 1924 2740 prorsus
1953 2655 2104 2718 falsa
2130 2655 2354 2717 scribat
2375 2698 2395 2731 ‚
2440 2664 2501 2715 et
2529 2673 2600 2714 ea
2624 2672 2742 2714 no-

572 2764 698 2815 ster
736 2765 843 2816 aut
885 2757 1036 2817 tanti
1073 2776 1199 2816 non
1251 2759 1525 2819 aestimet
1586 2759 1833 2839 eiusque
1874 2755 2177 2818 iuventuti
2201 2751 2596 2816 condonanda
2620 2771 2740 2833 pu-

571 2862 698 2913 tets
760 2863 866 2915 aut
889 2853 1223 2917 dissimulet
1243 2900 1263 2938 ‚
1305 2867 1367 2918 et
1409 2855 1474 2918 id
1516 2858 1814 2918 amicitiae
1853 2852 2141 2940 singulari
2193 2853 2444 2926 &tasse
2484 2850 2742 2931 tribuat,

572 2950 651 3013 de
675 2974 797 3035 quo
841 2954 907 3014 in
952 2952 1129 3016 Notis
1173 2975 1284 3017 suo
1334 2955 1468 3018 loco
1514 2956 1877 3019 videbimus.

736 3053 869 3114 Iam
897 3052 976 3115 de
1003 3053 1350 3118 excellentia
1367 3100 1387 3134 ‚
1428 3056 1658 3136 fructu,
1700 3054 1995 3139 elegantia
2055 3065 2117 3116 et
2154 3052 2525 3116 ornamentis
2549 3050 2740 3113 histo-

573 3153 701 3212 riae
726 3149 911 3213 huius
939 3153 1086 3234 quid
1137 3175 1247 3237 ego
1294 3156 1437 3216 satis
1466 3155 1718 3238 dignum
1745 3158 2254 3215 commemorem?
2335 3153 2505 3214 Inter
2531 3170 2742 3212 recen-

569 3251 755 3310 tiores
784 3248 1030 3332 quidem
1055 3272 1263 3312 rerum
1291 3255 1664 3316 Graecarum
1684 3299 1703 3333 ,
1748 3274 1854 3316 seu
1881 3254 2349 3337 Byzantium-um
2389 3254 2737 3334 scriptores,

570 3358 802 3408 utsunt
823 3349 1115 3430 Zonaras,
1157 3350 1441 3433 Nicetas,
1513 3354 1869 3435 Cedrenus,
1924 3352 2155 3434 etalii,
2209 3372 2345 3414 meo
2392 3349 2637 3434 quidem
2678 3358 2744 3409 et

570 3445 974 3527 quorumdam
998 3446 1154 3509 bene
1180 3446 1586 3514 littontormn
1613 3453 1835 3515 iudicio
1857 3452 1959 3514 hic
1988 3454 2213 3536 primas
2234 3461 2402 3513 tenet
2417 3472 2436 3511 ε
2464 3448 2740 3510 videtur-

570 3566 692 3627 que
731 3544 895 3607 solus
938 3545 1214 3610 didicisse
1234 3594 1254 3629 ,
1296 3571 1419 3634 quo
1456 3565 1634 3636 pacto
1662 3552 1742 3616 ad
1775 3552 2017 3615 laudem
2058 3548 2508 3614 accommodate
2531 3556 2740 3609 conte-

569 3643 762 3705 xenda
779 3646 857 3706 sit
873 3644 1147 3708 historia.
1192 3650 1377 3732 Mira,
1394 3671 1581 3731 nova,
1597 3652 1891 3734 inaudita,
1904 3652 2213 3731 inusitata,
2230 3647 2605 3712 occultorum
2619 3645 2742 3704 Dei

568 3743 933 3806 indiciorum
960 3744 1164 3829 plena,
1186 3750 1461 3832 grandia,
1493 3751 1753 3814 illustria
1774 3752 1967 3814 multa
1984 3751 2085 3812 hic
2105 3758 2513 3812 recensentur.
2554 3743 2661 3821 Et,
2682 3743 2739 3804 si

567 3840 821 3904 historia
841 3844 1021 3906 debet
1046 3867 1174 3908 esse
1190 3849 1480 3932 prudens,
1508 3863 1693 3936 atque
1706 3863 1921 3914 ornata
1937 3871 2144 3914 rerum
2161 3848 2498 3931 explicatiO,
2515 3852 2737 3904 neutra

567 3942 762 4002 virtus
790 3943 856 4002 in
881 3942 998 4004 hac
1023 3945 1397 4011 desideratur
1415 3971 1448 4014 s.
1478 3972 1637 4034 quae
1663 3952 1814 4015 mibi
1848 3971 2084 4035 semper
2110 3971 2148 4011 a
2168 3951 2303 4011 viro
2326 3942 2732 4018 nobilissimo,

568 4050 629 4100 et
652 4040 890 4122 ingenio
923 4044 1413 4111 excellentissimo
1441 4053 1916 4135 suavissimoque
1931 4054 2063 4114 visa
2076 4044 2548 4131 estprossuxisse.
2578 4041 2731 4104 Pru·

444 4175 461 4194 ·
570 4137 772 4204 dentia
797 4141 1074 4209 militaris
1100 4157 1284 4231 atque
1310 4149 1506 4214 civilis
1522 4162 1650 4214 tam
1670 4153 1885 4216 eximia
1903 4151 2004 4215 hic
2025 4148 2244 4233 elucet,
2300 4156 2370 4208 ut
2388 4144 2726 4220 civitatum,

2367 4471 2536 4612 ..β
2581 4427 2922 4612 (221.

2515 4593 2534 4662 Ι
