2982 4913
625 299 792 389 338
1418 323 1982 391 cmAcozmu
2067 336 2076 347 ·

329 492 604 547 A.c.=328
618 506 797 564 τινος,
850 483 934 545 δι’
973 476 1203 565 ἑαυτοῦ
1240 479 1356 544 τοῦ
1391 476 1667 563 μεγάλου
1711 475 2076 559 δομεστίκου
2114 474 2591 550 ἐπιστατοῦντος
2631 477 2766 542 δέει

615 580 731 646 *tofi
772 578 863 666 μή
902 605 967 644 τι
1003 581 1128 644 τῶν
1166 575 1254 664 μὴ
1294 573 1725 662 προσηκόντων
1762 580 2053 660 γενέσθαι
2106 568 2152 660 ἢ
2202 572 2308 638 διά
2351 573 2682 662 ρᾳθυμίαν
2719 570 2767 660 ἢ

416 676 716 744 Ρ.208διά
760 675 1094 743 κακόνοιαν
1130 678 1259 741 τῶν
1297 675 1866 761 ἐπιτετραμμένων,
1928 672 2039 739 καὶ
2096 672 2171 736 οὔ
2209 670 2434 758 μικρόν
2470 696 2610 737 τινα
2649 674 2758 738 διὰ

606 779 801 843 ταῦτα
844 773 953 841 τὸν
992 771 1178 839 πόνον
1218 772 1673 860 ὖφισταμένου,
1715 767 1885 854 ὅμως
1928 771 2270 855 ἀναγκαίαν
2309 768 2424 856 τὴν
2457 767 2758 855 πρόνοιαν

604 877 715 939 καί
750 870 866 958 τὴν
904 869 1012 938 ἐπὶ
1042 874 1196 937 πᾶσι
1237 871 1544 958 φροντίδα
1584 872 1973 953 λογιζομένου
2015 866 2123 933 καί
2159 869 2458 955 φέροντος
2491 866 2600 934 τὸν
2639 868 2790 947 τεά-5

601 994 801 1055 ματον
852 973 1029 1057 σιγῇ,
1100 966 1243 1034 τότε
1305 970 1376 1034 δὲ
1415 971 1542 1034 τῶν
1581 967 1908 1055 ἐμφυλίων
1963 969 2250 1049 πολέμων
2289 968 2602 1031 λυθέντων
2642 966 2759 1033 καὶ

601 1069 1014 1151 πεπαυμένων
1052 1068 1181 1133 τῶν
1219 1068 1565 1149 ἐπιβουλῶν
1605 1068 1714 1131 καί
1748 1066 2078 1146 ὖπονοιῶν,
2114 1062 2273 1149 ἔγνω
2315 1067 2447 1145 δεῖν
2483 1068 2591 1130 καὶ
2629 1064 2755 1132 ati-.-

598 1168 708 1244 τὰς
743 1169 869 1232 τῶν
908 1163 1116 1231 πόνων
1152 1160 1377 1230 ἑαυτὸν
1415 1163 1657 1231 ἀνεῖναι
1693 1162 1917 1249 μικρόν
1936 1210 1958 1229 .
2026 1165 2136 1229 καί
2186 1166 2445 1245 βασιλεῖ
2486 1168 2755 1249 προσελ-

590 1263 752 1349 θών,
793 1264 903 1331 τόν
943 1288 1012 1328 τε
1050 1265 1158 1330 ἐπὶ
1195 1265 1307 1329 τοῦ
1342 1264 1644 1351 προτέρου
1679 1261 1910 1348 χρόνον
1950 1259 2109 1346 πρός
2145 1258 2259 1347 τὴν
2290 1259 2590 1346 διούιησιν
2620 1265 2754 1326 τῶν

596 1365 979 1449 πραγμάτων
1019 1366 1286 1448 διηγεῖτο
1327 1360 1511 1427 πόνον
1548 1360 1658 1427 καὶ
1693 1360 1796 1444 ὥς,
1837 1365 1961 1427 τῶν
1998 1359 2328 1448 ἐμφυλίων
2367 1362 2573 1426 κακῶν
2621 1352 2840 1446 ἤδηςο

598 1464 1006 1545 πεπαυμένων
1034 1464 1145 1525 καί
1182 1460 1461 1543 ὑποψίας
1502 1452 1691 1545 οὔσης
1726 1459 2041 1541 οὐδεμιᾶς,
2083 1461 2227 1525 δέον
2265 1454 2563 1545 πρόνοιάν
2604 1484 2750 1529 τινα

542 1576 583 1628 Β
602 1557 985 1644 ποιήσασθαι
1029 1555 1191 1625 ὥστε
1230 1560 1312 1623 τά
1352 1581 1421 1623 τε
1460 1556 1796 1646 πράγματα
1832 1553 2040 1644 ὥσπερ
2080 1557 2382 1645 πρότερον
2408 1560 2616 1636 καλῶς
2643 1558 2774 1626 καὶ·

388 1673 452 1727 V.
485 1673 579 1727 168
597 1658 685 1735 οὖς
726 1660 865 1725 δέον
907 1660 1313 1741 διοικεῖσθαι,
1381 1656 1491 1723 καὶ
1555 1654 1749 1722 αὖτὸν
1789 1656 2154 1741 οἷναπαύλης
2190 1654 2353 1734 τινὸς
2391 1657 2748 1741 τυγχάνειν.

590 1760 777 1823 τοῦτο
818 1759 889 1823 δὲ
927 1759 1144 1842 γένοιτ’
1187 1751 1286 1839 ἂν,
1326 1757 1387 1821 εἰ
1423 1756 1538 1843 τήν
1578 1778 1646 1821 τε
1674 1757 1802 1822 τῶν
1830 1757 2170 1839 βασιλικῶν
2197 1753 2586 1840 γραμμάτων,
2607 1759 2747 1822 ἐπι-

590 1856 857 1921 στασίαν
895 1854 1005 1921 καὶ
1041 1852 1157 1940 τῆν
1195 1853 1305 1921 ἐπὶ
1338 1858 1457 1919 τοῦ
1497 1857 1623 1920 τῶν
1673 1854 2014 1937 βασιλικῶν
2051 1853 2393 1939 χρημάτων
2430 1858 2825 1939 ταμιείου,ι5

588 1950 687 2018 ἔτι
741 1955 813 2019 δὲ
854 1958 963 2018 καί
1015 1950 1127 2037 τὴν
1180 1954 1289 2019 ἐπί
1323 1956 1448 2019 τῶν
1507 1950 2004 2039 εἰσπραττόντων
2042 1949 2192 2028 τούς
2231 1953 2573 2038 δημοσίους
2622 1951 2744 2041 φό-

593 2072 745 2137 ρους
802 2049 1064 2135 άναθείη
1120 2046 1310 2140 ἑτέρῳ
1350 2049 1506 2133 τινὶ,
1563 2046 1638 2116 ὃν
1679 2044 1758 2114 ἂν
1797 2052 2109 2134 ἐκλέξηται
2147 2049 2371 2125 αὐτός.
2444 2048 2747 2134 βασιλεῦς

588 2151 662 2214 δὲ
701 2141 850 2213 οὐδὲ
889 2143 1075 2223 αὐτὸς
1114 2146 1384 2235 ἔφασκεν
1422 2142 1700 2232 οἷγνοεῖν,
1741 2141 1891 2214 ὅσον
1931 2147 2041 2213 ἐπὶ
2090 2149 2206 2212 τοῦ
2244 2149 2547 2235 προτέρου
2581 2147 2746 2235 χρό-

586 2270 699 2312 νου
740 2243 1048 2333 ὑφίστατο
1088 2244 1197 2312 τόν
1235 2246 1441 2329 πόνον,
1486 2250 1678 2311 πᾶσιν
1716 2244 1908 2323 αὐτὸς
1945 2246 2332 2333 έφεστηκώς,
2375 2241 2536 2312 ἀλλὰ
2580 2250 2746 2314 εἰδέ-

588 2368 695 2409 ναι
735 2367 803 2409 τε
842 2347 1080 2427 καλῶς,
1120 2343 1231 2410 καί
1269 2345 1387 2428 οὖχ
1420 2339 1646 2430 ἥκιστα
1687 2342 2081 2427 θαυμάζειν,
2142 2346 2201 2410 εἰ
2238 2341 2391 2431 πρὸς
2428 2345 2826 2431 vocatis-nno

589 2441 889 2527 διοίκησιν
927 2444 1309 2530 πραγμάτων
1348 2439 1440 2521 εἷς
1478 2435 1571 2511 ὧν
1611 2441 1798 2522 αὐτὸς
1838 2444 2131 2531 ἐξαρκεῖ,
2210 2441 2308 2510 ἔτι
2366 2446 2439 2510 δὲ
2473 2443 2585 2510 καί
2618 2438 2742 2509 ἆλ-

586 2552 718 2626 γεῖν
756 2542 917 2631 ὑπὲρ
960 2538 1158 2610 αὖτοῦ
1177 2595 1197 2627 ,
1232 2543 1342 2610 τόν
1380 2542 1655 2626 κάματον
1697 2540 1769 2608 ὃν
1805 2541 2110 2625 ὗπέμενεν
2147 2544 2405 2610 έννοῶν.
2463 2537 2609 2631 ὅπερ
2655 2546 2734 2611 δὲ

534 2638 782 2719 Ωαῦτός
821 2639 976 2729 ἔφης
1015 2643 1408 2726 λογιζόμενος
1443 2642 1554 2707 καὶ
1590 2637 1812 2726 αὖτὸς,
1889 2641 1974 2718 ὥς
2027 2644 2155 2707 τῶν
2194 2641 2517 2730 ἐμφυλίων
2553 2644 2739 2710 ἕνεκα

586 2742 871 2823 πολέμων
917 2743 1029 2806 καί
1077 2743 1200 2808 τῶν
1241 2743 1590 2825 ἐπιβουλῶν
1644 2741 1980 2825 άναγκαῖον
2018 2741 2123 2828 ἐφ’
2162 2737 2373 2808 ἅπασί
2399 2764 2475 2808 σε
2511 2749 2742 2838 παρεῖ-

731 2861 808 2914 16.
842 2856 1077 2927 ἀναθείη
1112 2861 1223 2914 ED.
1263 2861 1316 2915 P.
1354 2878 1455 2932 pro
1490 2858 1773 2917 ἀναθεῖεν.

589 2959 715 3015 dum
754 2961 1132 3024 scriberentur,
1171 2979 1272 3033 per
1305 2979 1363 3016 se
1392 2971 1613 3034 magnus
1649 2961 1977 3017 domesticus
2012 2963 2345 3035 praefuerat3
2377 2978 2446 3015 ne
2472 2960 2612 3034 quid
2637 2977 2740 3033 per

592 3031 894 3085 socordiam
930 3034 1388 3104 malignitatemve
1426 3035 1673 3098 aliorum,
1735 3033 1934 3105 quibus
1972 3052 2034 3088 ea
2071 3036 2560 3097 committerentur,
2598 3033 2740 3086 sini-

586 3103 781 3155 sterius
816 3103 997 3156 fieret:
1067 3121 1169 3156 nec
1201 3104 1344 3156 leves
1381 3104 1440 3156 in
1476 3121 1541 3157 eo
1578 3104 1792 3158 labores
1829 3106 2189 3170 sustinuerat,
2238 3121 2373 3175 quos
2407 3103 2588 3156 nihilo
2624 3103 2736 3155 mi-

586 3187 706 3229 nus,
743 3175 868 3241 quia
902 3190 1081 3226 curam
1115 3173 1647 3245 sollicitudinemque
1683 3176 1743 3226 in
1770 3176 2021 3228 omnibus
2055 3176 2402 3229 necessariam
2432 3172 2738 3236 iudicabat,

585 3239 805 3293 silentio
842 3244 1164 3311 perferebat.
1237 3244 1392 3295 Tunc
1422 3260 1569 3308 vero,
1604 3245 1829 3314 sepultis
1863 3246 1969 3297 iam
2006 3246 2165 3298 bellis
2196 3244 2447 3298 civilibus
2482 3242 2736 3296 insidiis·

589 3324 695 3428 gne
731 3327 793 3362 ac
826 3313 1252 3381 suspicionibus,
1288 3314 1395 3365 sibi
1432 3331 1649 3385 quoque
1689 3318 2069 3384 occupationes
2102 3317 2438 3387 aliquantum
2470 3316 2732 3366 minuen-

629 3395 684 3430 as
716 3397 829 3432 esse
861 3384 1156 3437 constituit.
1230 3382 1493 3453 Quocirca
1520 3385 1834 3454 imperatori
1861 3388 2138 3455 praeteriti
2179 3387 2434 3455 temporis
2482 3383 2733 3438 laborio-

589 3465 699 3501 sam
733 3449 1249 3505 administrationem
1283 3471 1429 3506 suam
1465 3456 1690 3525 exponit
1712 3473 1773 3508 ac
1797 3463 2012 3520 monet,
2057 3457 2212 3509 malis
2246 3455 2495 3508 civilibus
2540 3463 2597 3507 et
2635 3472 2735 3505 su-

585 3519 830 3587 spiciosis
861 3523 1191 3591 temporibus
1221 3523 1326 3576 iam
1356 3527 1679 3595 praeteritis,
1703 3525 2111 3595 providendum,
2147 3526 2229 3577 uti
2252 3542 2335 3578 res
2368 3523 2733 3596 quemadmo-

586 3588 714 3641 dum
753 3599 906 3653 ante,
942 3591 1083 3644 bene
1119 3592 1479 3667 decenterque
1512 3603 1891 3665 procurentur,
1925 3606 1982 3650 et
2016 3596 2125 3650 sibi
2159 3598 2397 3667 quietem
2436 3612 2497 3647 ac
2530 3596 2728 3647 remis-

583 3659 790 3713 sionem
816 3661 1047 3732 aliquam
1083 3664 1496 3723 concedendam.
1545 3667 1934 3720 concessurum
1961 3676 2157 3730 autem,
2181 3668 2226 3718 si
2259 3665 2728 3734 imperator-iarum

581 3727 885 3783 litterarum
936 3740 990 3784 et
1031 3734 1143 3785 fisci
1173 3739 1228 3784 et
1261 3738 1598 3788 exactionum
1627 3736 2018 3806 praefecturam
2068 3738 2124 3789 in
2164 3738 2389 3789 alterum
2419 3736 2731 3799 transferat,

585 3815 743 3867 quem
772 3819 868 3853 suo
893 3802 1156 3855 arbitratu
1191 3803 1466 3872 delegerit.
1539 3806 1834 3877 Respondit
1859 3808 2176 3877 imperator,
2215 3804 2328 3858 Nec
2358 3823 2417 3858 se
2455 3805 2728 3875 ignorare,

585 3879 813 3935 quantos
847 3871 941 3924 ille
982 3873 1192 3926 labores
1227 3873 1483 3928 hactenus
1515 3877 1786 3939 subiisset,
1821 3895 1941 3929 cum
1984 3896 2120 3930 unus
2150 3876 2398 3929 omnibus
2432 3883 2726 3945 praeesset:

583 3936 679 3991 sed
716 3941 883 4008 probe
916 3961 1099 4008 nosse,
1154 3953 1210 3995 et
1234 3962 1568 4015 summopere
1596 3948 1931 4012 admiratum,
1978 3949 2149 4002 solum
2174 3955 2356 3999 tantae
2385 3947 2726 4014 negotiorum

579 4009 712 4059 moli
748 4012 1093 4066 sustinendae
1137 4032 1318 4084 parem
1354 4032 1467 4068 esse
1521 4020 1777 4086 potuisse.
1849 4019 2125 4071 Praeterea
2162 4016 2399 4069 doluisse
2446 4016 2728 4067 fortunam

581 4079 727 4142 eius,
779 4098 900 4133 cum
944 4085 1140 4154 quibus
1175 4094 1507 4155 premeretur
1551 4088 1805 4140 oneribus
1853 4105 2034 4141 secum
2092 4089 2366 4158 cogitaret.
2453 4084 2563 4137 Sed
2602 4102 2726 4136 cum

579 4150 699 4232 ipse
732 4168 948 4236 quoque
978 4155 1376 4221 consideraret,
1412 4157 1560 4229 quod
1592 4157 1823 4221 dixerat,
1859 4157 2128 4229 quomodo
2161 4167 2380 4227 propter
2406 4154 2554 4208 bella
2587 4156 2726 4207 civi-

580 4219 657 4273 ha
687 4229 746 4275 ct
770 4221 995 4278 insidias
1021 4243 1144 4279 eum
1174 4227 1361 4282 adesse
1398 4227 1652 4283 omnibus
1686 4236 1744 4282 et
1772 4244 1873 4300 per
1906 4245 2030 4281 eum
2062 4229 2179 4282 lieri
2210 4227 2393 4283 omnia
2426 4232 2724 4298 oporteret,
