2982 4913
942 345 1550 410 ms’romARuM
1602 346 1658 409 1.
1724 337 1823 405 16.
2045 285 2106 366 ’-
2361 316 2467 434 75

272 503 427 572 οῧδὲ
462 507 660 591 τριῶν
703 503 951 589 ὄβολῶν
989 507 1278 594 ἐθελήσω
1320 506 1649 574 λύσασθαι
1686 510 1801 593 τῆς
1829 506 2118 585 δουλίας·
2181 501 2318 574 εἶτα
2355 534 2470 595 μι-
2487 515 2784 574 A.C.1821

265 604 428 691 κρόν
471 605 746 692 προβὰς,
815 605 1095 695 „riphe”
1140 609 1269 696 ἔφη
1327 606 1487 694 πρὸς
1533 607 1676 687 τούς
1719 611 2040 695 παρόντας
2083 607 2303 696 „Sume
2341 618 2472 688 τοῖς

263 709 453 793 ἐμοῖς
493 709 704 794 λόγοις
754 700 947 784 ὀὗτος
994 716 1477 794 συμμαρτυρεῖ,
1544 709 1817 795 σκληρὰς
1863 706 1951 775 ῶν
2009 714 2121 777 καί
2179 711 2472 797 αὐθάδης

263 809 387 875 καὶ
427 811 750 893 πέρα’τοῦ
797 808 1046 885 δέοντος
1091 808 1369 890 α’λαζῶνς
1428 806 1551 896 ἤδη
1592 810 1705 894 καὶ
1745 807 1898 893 ὑμῖν
1938 811 2074 878 ἔστι
2118 811 2356 899 σωφῶς
2399 812 2470 877 ἐκ

232 911 401 975 ὖτῶν
463 907 860 996 πραγμάτων
900 913 1363 992 καταμαθεῖν.”
1448 906 1486 974 ὅ
1528 911 1668 987 νέος
1727 912 1788 975 δ’
1829 909 2262 996 Ἀνδρόνικος,
2328 912 2469 998 „3⁷1³

263 1008 630 1094 ἆληθείας”
654 1002 830 1075 εἶπεν
866 1003 969 1096 ,ῶ
1002 1011 1294 1092 βασιλεῦ’,
1341 1004 1482 1075 οὔτε
1529 1010 1802 1094 σκληρός
1846 1010 1992 1095 εἰμι’
2014 1035 2132 1090 τις,
2181 1006 2321 1076 οὔτε
2351 1010 2474 1075 αὗ-

259 1108 499 1194 θάδης,
550 1106 712 1173 α’λλὰ
746 1111 873 1175 τῶν
908 1109 1080 1191 ἐμῶν
1119 1106 1450 1193 ἁμαρτιῶν
1475 1109 1513 1177 ὅ
1546 1107 1758 1196 σωρός
1794 1114 2081 1201 τοιοῆτον
2115 1104 2280 1176 εἶναι
2313 1113 2470 1199 φαί-

238 1205 511 1275 νεσθαί
546 1233 654 1273 σοι
693 1215 854 1274 ποεῖ·
880 1220 901 1240 ⁸
935 1212 1060 1295 ἐγώ
1111 1212 1170 1276 δ’
1209 1212 1319 1277 ἐπὶ
1362 1211 1647 1295 μάρτυρι
1688 1213 1850 1297 λέγω
1892 1214 1984 1299 τῷ
2027 1210 2228 1278 εἰδότι
2268 1214 2532 1280 minan

259 1314 431 1400 θεῷ,
468 1308 568 1388 ,ῶς
600 1311 784 1377 οῦδὲν
812 1313 1096 1377 τοιοῦτον
1129 1313 1393 1400 ἐμαυτῷ
1421 1314 1687 1378 σύνοιδα
1721 1313 2118 1401 εἰργασμένῳ
2168 1311 2256 1390 ῶς
2297 1310 2471 1393 ἄξιον

203 1406 445 1480 Ιοεῖναι
488 1414 602 1498 τῆς
632 1412 937 1497 τοσαύτης
963 1412 1177 1499 όργῆς.
1225 1411 1323 1479 διὸ
1371 1412 1449 1498 δὴ
1495 1414 1606 1479 καὶ
1648 1413 1875 1497 δέομαι
1912 1417 2026 1479 τοῦ
2056 1415 2175 1480 σοῦ’
2199 1415 2471 1498 κράτους

264 1513 655 1601 συγγνώμης
696 1510 814 1579 κᾶν
855 1538 922 1579 τε
960 1514 1244 1600 ἥμαρτον
1284 1522 1521 1598 τυχεῖν,
1562 1510 1683 1581 κᾶν
1721 1539 1789 1581 τε
1816 1517 1926 1601 μή.
1971 1516 2131 1603 πρὸς
2166 1513 2470 1593 τοῦςπό-

265 1618 387 1692 δας
417 1614 547 1701 γὰρ
585 1616 852 1701 ἐφίεμαι
890 1613 1037 1690 τούς
1082 1619 1231 1692 σοὺς
1269 1615 1683 1694 ἄποθανεῖν,”
1728 1616 2172 1701 αἰνιττόμενος,
2221 1614 2310 1694 ῶς
2353 1615 2468 1681 οὔκ

262 1713 344 1781 ἂν
394 1715 597 1781 αὖτοῧ
631 1717 1013 1803 βουλήσοιτο
1057 1716 1418 1801 ἀποστῆναι
1451 1719 1664 1804 χωρὶς
1707 1717 2000 1804 ᾇνάγκης.
2051 1718 2185 1802 ἅμα
2223 1721 2294 1786 δὲ
2319 1718 2464 1784 τού-

254 1841 398 1893 τοις
435 1824 572 1894 τοῖς
629 1817 838 1904 λόγοις
877 1819 1001 1884 καί·
1042 1818 1204 1904 πρὸς
1245 1820 1363 1904 γῆν
1414 1820 1809 1885 κατεκλίνετο
1869 1818 2315 1902 ἀσπασόμενος
2357 1818 2466 1884 τὸν

203 1915 438 1983 Ιδπόδα
457 1920 573 1982 τοῦ
603 1921 943 2004 βασιλέως.
987 1918 1023 1985 ό
1049 1922 1109 1985 δ’
1134 1920 1353 2001 α’νεῖχε
1395 1922 1748 2003 λαβόμενος
1783 1924 1895 1986 τοῦ
1945 1915 2147 2004 ῶμου,
2191 1919 2326 2004 ἅμα
2355 1918 2467 1985 καί

260 2017 478 2103 λόγοις
510 2015 583 2085 τὰ
625 2020 811 2105 ἔργον
849 2019 1284 2106 ἀπαγορεύων·
1335 2018 1424 2096 ῶς
1447 2023 1505 2086 δ’
1526 2016 1700 2106 ἑώρα
1718 2020 2120 2105 βιαζόμενον,
2147 2020 2337 2107 ἀφείς
2356 2018 2466 2084 τὸν

264 2111 465 2201 ὦμον,
512 2120 778 2201 ἐλάβετο
817 2122 944 2187 τῶν
984 2123 1240 2204 τριχῶν·
1293 2119 1379 2198 ῶς
1422 2123 1494 2187 δὲ
1530 2122 1641 2188 καί
1679 2120 1880 2198 οὕτως
1913 2120 2220 2204 ἐβιάζετο,
2270 2118 2466 2206 α’φει-

272 2222 397 2284 δῶν
418 2212 676 2316 ἑαυτοῦ,
723 2209 942 2297 δείσας
965 2219 1015 2312 x<5
1039 2222 1318 2300 πάππος,
1338 2226 1448 2307 ,μὴ
1477 2225 1560 2310 τῇ
1584 2224 1698 2312 βίᾳ
1726 2225 1838 2306 τῆς
1867 2223 2153 2308 κεφαλῆς
2185 2215 2540 2285 drausii-1²3
2561 2225 2633 2281 50

278 2320 482 2390 σιναῖ
531 2321 769 2406 τρίχες,
831 2321 1101 2389 ἐνέδωκε
1140 2323 1254 2408 τὴν
1306 2323 1693 2392 κπάκλισιν·
1740 2321 1775 2388 ὅ
1823 2324 1893 2388 δὲ
1934 2322 2343 2396 κατακλιθείς
2385 2316 2471 2404 ἦ·-

204 2422 563 2487 Βθσπάσατο
592 2420 698 2488 τόν
724 2424 893 2489 πόδα
927 2427 1039 2490 τοῦ
1044 2427 1398 2520 βασιλέως.
1441 2417 1553 2490 εἶτ’
1589 2423 1992 2504 ἀναστάντος,
2035 2425 2147 2504 τῆς
2184 2419 2474 2511 ἷιεφαλῆς

268 2523 623 2607 λαβόμενος
655 2521 693 2590 ό
721 2522 1045 2615 βασιλεὺς,
1088 2528 1417 2614 κατεφίλει
1449 2525 1564 2603 τὰς
1596 2522 1801 2608 ὄψεις.
1847 2528 2030 2592 τοῦτο
2060 2524 2139 2609 δὴ
2164 2521 2198 2588 ὅ
2231 2546 2472 2606 πατρι-

273 2624 479 2708 άρχης
521 2625 636 2689 καί
675 2622 736 2691 οἱ
775 2627 887 2709 τῆς
929 2626 1279 2711 συγκλήτου
1328 2627 1639 2713 παρόντες
1679 2626 1922 2702 ἰδόντες
1962 2625 2075 2691 καὶ
2122 2622 2475 2706 διαλλαγῆς

275 2724 609 2805 ἀπόδειξιν
623 2726 1000 2809 νομίσαντες
1016 2723 1102 2811 ἥδ
1105 2754 1140 2813 η
1155 2730 1427 2812 βεβαίας
1446 2732 1571 2794 τῶν
1580 2730 1924 2811 βασιλέων,
1951 2727 2192 2801 πολλᾶς
2213 2722 2475 2809 ἀφῆκαν

270 2913 543 2983 redigere.
615 2912 735 2984 Ego
778 2932 909 2977 vero
947 2932 1050 2970 uec
1087 2915 1259 2969 tribus
1299 2914 1498 2982 obolis,
1534 2918 1578 2968 si
1622 2917 1846 2983 possim,
1883 2922 1937 2967 te
1976 2914 2307 2967 e‘servitute
2342 2926 2478 2964 exe-

265 2987 471 3038 merim.
558 2983 769 3039 Dehinc
826 2986 1101 3056 paululum
1158 3002 1496 3057 progressus,
1557 2985 1819 3051 Cernitis,
1879 2987 2060 3054 inquit
2106 2983 2170 3036 ad
2209 2984 2477 3051 praesen'-
2692 3014 2712 3053 t

266 3063 368 3122 tes,
406 3058 855 3126 quemadmodum
899 3059 1011 3113 isto'
1044 3060 1226 3113 verbis
1263 3060 1399 3112 meis
1441 3058 1597 3125 fldem
1637 3057 1916 3120 conciliet,
1974 3062 2259 3108 contumax
2312 3053 2476 3105 vide-

268 3127 419 3194 licet,
452 3144 514 3182 se
550 3131 837 3199 magnifice
874 3133 1334 3200 circumspiciens,
1391 3141 1445 3183 et
1485 3130 1775 3183 immodice
1826 3126 2139 3197 arrogans?
2203 3124 2358 3191 Quod
2410 3141 2479 3179 ex

270 3201 480 3268 reipsa
520 3200 679 3253 vobis
720 3202 854 3255 licet
905 3203 1135 3257 discere.
1228 3201 1461 3255 Subiicit
1514 3204 1725 3255 iunior:
1781 3201 2045 3272 Equidem
2101 3214 2281 3266 neque
2335 3211 2478 3248 con-

273 3280 446 3324 tumax
501 3287 637 3338 sum,
692 3289 873 3343 neque
932 3275 1175 3328 mihimet
1228 3282 1510 3344 tantopere
1561 3274 1784 3342 plaudo,
1820 3274 1914 3326 sed
1943 3271 2280 3325 ‘muititudini
2338 3283 2476 3335 pec-

274 3350 508 3397 catorum
549 3359 789 3398 meorum
842 3355 1118 3414 acceptum
1172 3349 1381 3412 refero,
1437 3347 1583 3416 quod
1635 3346 1760 3398 talis
1824 3344 1920 3397 tibi
1983 3345 2191 3399 videar.
2285 3338 2477 3393 Testor

272 3414 471 3480 Deum,
531 3431 690 3484 quem
740 3417 880 3471 nihil
933 3417 1093 3483 latet,
1144 3417 1284 3471 haud
1340 3435 1424 3471 me
1489 3417 1649 3470 ullam
1721 3417 1929 3485 culpam
1996 3418 2075 3469 ira
2136 3423 2237 3467 tam
2301 3413 2474 3467 atroci

273 3488 487 3557 dignam
539 3491 938 3543 commeruisse.
1037 3489 1375 3558 Quapropter
1429 3491 1718 3556 potentiam
1756 3496 1897 3542 tuam
1937 3489 2182 3552 obsecro,
2220 3500 2318 3538 seu
2369 3499 2478 3537 uo·

272 3561 391 3611 xius
443 3575 539 3612 seu
594 3561 848 3614 innoxius
907 3577 1042 3627 sum,
1100 3562 1228 3613 mihi
1286 3564 1568 3630 ignoscas:
1628 3564 1692 3614 ad
1749 3568 1868 3614 tuos
1928 3563 2068 3614 euim
2118 3558 2286 3627 pedes
2337 3558 2475 3608 mori

278 3631 437 3698 cupio
477 3629 827 3698 (significans,
858 3648 979 3699 >non
1022 3634 1126 3686 uisi
1174 3640 1416 3686 coactum
1475 3633 1540 3685 ab
1594 3648 1660 3685 eo
1724 3628 2101 3696 recessurum).
2189 3628 2256 3681 Et
2314 3626 2475 3680 simul

275 3717 388 3753 eum
430 3701 537 3756 boe
577 3704 724 3756 dieto
763 3705 827 3757 ad
864 3711 1052 3756 terram
1094 3704 1504 3771 procumbebat,
1539 3707 1626 3757 avi
1666 3705 1858 3772 pedem
1902 3703 2274 3765 oseulaturus3
2314 3713 2474 3768 quem

276 3772 372 3826 ille
410 3773 646 3826 humeris
684 3776 805 3828 eius
851 3774 1103 3828 obnitens
1152 3775 1470 3839 abstinebat,
1519 3784 1758 3829 ac‘voee
1801 3778 1925 3829 item
1973 3771 2314 3843 prohibebat,
2353 3776 2478 3821 tsn-

276 3846 502 3914 demque
553 3845 783 3914 amplius
836 3846 1126 3901 luctantem
1181 3847 1398 3915 capillis
1457 3846 1739 3899 retinebat.
1831 3843 1962 3898 Cum
2003 3846 2160 3897 etiam
2218 3845 2297 3896 sic
2334 3842 2477 3893 sibi-

276 3924 378 3969 met
413 3933 522 3969 nou
564 3932 810 3985 parcens,
870 3920 923 3971 vi
980 3936 1179 3971 summa
1218 3926 1489 3990 pergeret,
1528 3925 1765 3970 metuens
1813 3933 1964 3979 avus,
2008 3932 2077 3969 ne
2119 3914 2216 3969 ills
2256 3913 2478 3968 violen-

275 3989 349 4040 tia
384 3991 562 4041 crines
599 4004 628 4040 a
668 3992 870 4043 vertice
922 3991 1371 4056 abstraherentur,
1424 3998 1620 4043 terram
1676 3996 1881 4056 petere,
1940 3995 1994 4040 et
2053 3988 2178 4055 pedi
2228 3985 2475 4039 oscuium

278 4059 444 4129 figere
485 4061 747 4128 permisit,
799 4071 1243 4132 surgentemque,
1296 4065 1472 4129 capite
1511 4061 1941 4128 apprehendens,
1985 4058 2179 4111 oculos
2219 4061 2340 4111 eius
2376 4057 2476 4109 de-

282 4131 552 4184 osculatus
608 4139 704 4185 est.
799 4132 917 4197 Quo
972 4141 1287 4202 conspecto,
1331 4133 1640 4201 patriarcha
1693 4134 1899 4201 quique
1953 4131 2179 4183 aderant
2216 4143 2477 4196 proceres

280 4200 384 4254 boc
421 4203 642 4255 minime
681 4203 901 4257 dubium
940 4208 1336 4275 redintegratae
1391 4209 1531 4259 iuter
1571 4207 1924 4271 imperatores
1983 4201 2255 4254 amicitiae
2311 4214 2477 4267 argu·

282 4282 510 4326 mentum
558 4276 678 4339 rati,
739 4277 1082 4345 ingeminatis
1124 4276 1373 4341 vocibus,
1432 4277 1545 4330 Deo
1583 4277 1732 4343 pacis
1767 4276 2019 4343 largitori
2058 4273 2257 4342 gratias
2293 4286 2473 4339 agere.

283 4343 418 4411 Quin
455 4352 508 4399 et
545 4346 730 4402 iunior
775 4347 1067 4418 imperator
1105 4365 1225 4402 eum
1266 4365 1463 4420 magno
1515 4349 1811 4425 domestico
1851 4353 1907 4400 et
1941 4350 2331 4415 protostrstore
2382 4357 2475 4395 se-
