2982 4913
1030 293 1513 361 rumino,
2256 304 2392 370 xix
2455 384 2462 389 ,

217 460 385 527 baud
431 462 600 528 leves
636 481 1027 549 perpessam,
1091 464 1313 528 eruditi
1364 484 1489 528 non
1529 464 1824 532 nesciunt.
1916 466 2235 535 Addamus
2276 470 2397 535 boc

214 584 327 649 pro
362 561 711 631 corollario.
791 565 1141 628 Gmuenses
1214 576 1276 628 et
1334 566 1557 629 Veneti
1609 565 1803 631 multa
1849 567 1951 632 bic
1989 569 2071 634 ab
2110 570 2245 636 aliis
2294 573 2393 637 hi-

211 663 451 726 stoi-icis
490 663 619 725 suis
655 664 1080 747 praetermissa
1098 706 1118 745 ‚
1182 675 1292 727 aut
1328 686 1644 749 nunquam
1676 668 1919 752 cognita
1958 667 2038 732 de
2061 671 2394 739 maioribus

210 762 379 841 suia,
451 765 1056 847 eorumquevirtute
1142 773 1205 825 et
1272 763 1445 827 factis
1493 764 1729 849 legere,
1785 775 1850 830 et
1898 768 2394 853 quaedamfalso

210 859 288 923 de
322 858 548 923 iisdem
593 861 889 925 hactenus
930 865 1155 946 scripta
1204 861 1658 946 deprehendere
1692 874 1999 951 potemnt.

372 967 591 1030 Restat
610 1010 629 1046 ,
671 975 747 1026 ut
776 983 933 1046 quae
963 980 1077 1026 nos
1118 960 1222 1027 vel
1265 966 1673 1048 praestitimus
1690 1008 1713 1047 ,
1767 964 1868 1029 vel
1896 976 2208 1051 praestare
2241 988 2393 1035 con·-

204 1066 518 1130 tendimus
535 1111 556 1147 ,
596 1064 952 1129 indicemus.
1035 1063 1111 1126 In
1146 1062 1604 1145 interpretando
1643 1084 1780 1127 eam
1825 1069 2084 1150 speciem
2130 1088 2248 1153 pro
2284 1092 2392 1134 ca-

207 1177 319 1252 ptu
358 1176 578 1228 nostro
623 1164 949 1226 consectati
998 1182 1251 1245 sumus,
1307 1182 1495 1246 quam
1542 1183 1612 1225 ex
1661 1185 1875 1228 eorum
1925 1165 2220 1251 lectione,
2281 1170 2391 1256 qui

207 1265 287 1328 de
317 1267 554 1351 optimo
598 1282 817 1348 genere
852 1261 1291 1346 interpremdi
1333 1275 1796 1347 praeceperunt,
1837 1263 2258 1353 bonorumque
2291 1271 2392 1332 in·-

203 1374 547 1449 terpretum
588 1362 1018 1426 observatione*
1053 1372 1258 1427 mente
1315 1372 1671 1478 conceptam
1755 1374 1940 1449 atque
2002 1367 2392 1435 informatam

199 1464 605 1527 tenebamus·
672 1482 831 1547 quae
886 1459 1229 1523 cuiusmodi
1286 1462 1368 1523 sit
1385 1502 1406 1542 ,
1482 1461 1531 1525 ii
1581 1464 1963 1546 potissimum
2016 1465 2390 1553 intelligunt,

199 1584 481 1648 quorum
516 1560 811 1625 industria
850 1562 918 1623 in
964 1560 1181 1623 eodem
1223 1559 1530 1624 curriculo
1572 1581 1639 1626 se
1672 1561 1999 1647 aliquando
2039 1566 2386 1652 explicavit.

199 1662 497 1727 Codicmn
523 1680 818 1745 perquam
863 1657 1275 1721 mendosum
1247 1700 1269 1738 ‚
1330 1658 1612 1743 maleque
1648 1662 2102 1746 interpunctum
2146 1671 2387 1754 accept..

197 1783 388 1824 mus:
430 1771 503 1824 ut
530 1758 808 1823 divinare
864 1769 928 1829 et
956 1762 1258 1822 coniicere
1284 1756 1638 1844 frequenter
1678 1767 2037 1845 oportuerit.
2119 1765 2384 1833 Nomina

198 1859 477 1923 locorum
494 1905 515 1940 ,
557 1880 719 1943 quae
757 1878 872 1921 nec
911 1859 1404 1942 diligentissimus
1449 1858 1725 1923 Ortelius
1766 1865 1973 1926 omnia
2015 1863 2281 1951 collegit,
2322 1878 2388 1932 ot

199 1978 624 2045 pei-soum,
648 1978 808 2043 quae
833 1957 935 2022 vel
964 1959 1221 2021 Graecia
1248 1959 1372 2020 iam
1395 1957 1678 2022 occidens
1706 1970 1769 2022 et
1811 1961 2382 2049 βεβαρβαρωμένη,

199 2059 296 2122 vel
340 2059 735 2122 librariorum
794 2059 1111 2121 oscitantia
1155 2057 1522 2142 depravarat
1546 2103 1567 2136 ,
1639 2057 1864 2123 alicubi
1916 2060 1995 2127 de
2034 2065 2385 2128 coniectura

202 2159 682 2241 mendavimus,
726 2159 749 2241 (
760 2179 905 2221 nam
932 2160 1039 2242 qui
1067 2159 1342 2222 omnium
1370 2176 1581 2222 veram
1620 2170 1682 2221 et
1715 2180 2064 2243 germanam
2118 2162 2381 2247 scriptu-

199 2279 328 2321 ram
370 2259 773 2321 coniectando
817 2261 1008 2343 possit
1047 2261 1283 2343 assequi
1304 2303 1325 2338 ,
1403 2280 1517 2343 ego
1559 2259 1806 2344 quidem
1839 2260 2115 2324 fisturum
2156 2265 2378 2347 opinor

194 2360 549 2441 neminem‚)
576 2360 799 2422 omissa
834 2358 1131 2444 quaedam
1160 2355 1576 2443 supplevimus
1595 2379 1616 2421 ε
1662 2361 1728 2422 in
1756 2360 2024 2444 singulos
2051 2360 2239 2425 libros
2266 2385 2377 2447 pe-

192 2459 434 2524 riochas
493 2481 603 2522 seu
647 2463 941 2545 epitomas
981 2461 1447 2544 conscripsimus
1466 2503 1486 2537 ‚
1529 2479 1683 2544 quas
1726 2468 1816 2523 et·
1833 2459 2067 2525 lecturo
2107 2461 2189 2524 ad
2215 2483 2376 2546 προ-

190 2552 628 2643 παρασκευῆν,
671 2569 735 2623 et
763 2562 817 2622 ei
847 2561 953 2644 qui
982 2562 1104 2622 iam
1131 2559 1302 2643 legit,
1344 2557 1426 2622 ad
1454 2550 2006 2643 ἅνακεφαλαίωσιν
2034 2560 2215 2624 utiles
2244 2563 2375 2626 sore

186 2657 552 2721 confidimus
566 2680 586 2721 ε
657 2658 884 2722 relictis
946 2660 1309 2744 sectionibus
1357 2660 1545 2743 (quas
1602 2661 1667 2720 in
1716 2658 2024 2744 plerisque
2060 2661 2374 2725 codicibus

186 2760 316 2821 sive
357 2760 593 2823 scribas
661 2761 791 2822 sive
830 2759 1120 2838 lectores3
1163 2779 1289 2820 non
1329 2761 1495 2842 ipsos
1549 2770 1825 2822 auctores
1879 2764 2242 2845 excogitasse
2310 2771 2374 2824 et

184 2856 540 2921 adhibuisse
566 2859 738 2940 reor)
778 2857 946 2942 quod
974 2857 1159 2921 modo
1183 2860 1367 2920 nimis
1392 2857 1642 2920 crebrae
1663 2903 1683 2938 ‚
1729 2858 1916 2920 modo
1955 2861 2140 2922 nimis
2168 2882 2368 2942 rarae,

184 2958 427 3040 saepius
450 2968 880 3042 argumentum
921 2958 1025 3021 vix
1050 2975 1121 3019 ex
1147 2959 1369 3019 triente
1404 2957 2009 3039 comprehenderat,
2048 2960 2116 3018 in
2143 2961 2369 3041 capita,

182 3073 358 3118 more
383 3058 776 3140 Latinorum,
801 3067 1002 3120 totum
1028 3075 1253 3141 corpus
1277 3054 1594 3119 divisimus
1611 3099 1631 3135 ,
1670 3065 1743 3117 ut
1768 3047 2067 3138 quantum
2109 3058 2371 3122 maxime

180 3173 525 3239 possemus,
560 3157 772 3221 lectori
799 3158 1004 3221 lumen
1030 3154 1604 3242 praepanderemus.
1669 3155 1862 3217 Locos
1889 3153 2120 3239 aliquot
2144 3178 2365 3240 parum

182 3275 361 3322 canos
380 3303 403 3338 ,
447 3262 769 3342 praetextis
798 3260 864 3320 in
892 3261 1025 3343 ipso
1064 3267 1347 3321 contextu
1372 3254 2021 3339 animadve-sionibus,
2062 3260 2361 3341 perstrin-

183 3359 421 3440 ximus3
478 3379 631 3443 quas
660 3359 906 3444 quidem
948 3371 1165 3443 rogatu
1190 3367 1401 3420 nostro
1443 3355 1700 3418 Iacobus
1728 3358 2047 3419 Gretserus
2070 3400 2091 3436 ,
2152 3359 2358 3421 Socie-

178 3463 322 3522 tatis
346 3471 599 3523 nostrae
639 3460 987 3545 Theologus
1005 3507 1024 3540 ,
1066 3471 1131 3522 et
1167 3462 1234 3520 in
1264 3455 1597 3519 Academia
1639 3454 2086 3541 Ingolstadiana
2123 3458 2359 3541 profes-

179 3575 285 3622 sor
312 3560 663 3624 ordinarius
681 3605 701 3642 ,
754 3561 1132 3643 conscripsit.
1214 3555 1302 3620 Et
1344 3557 1495 3619 haec
1524 3555 1773 3618 fecimus
1792 3598 1815 3637 ‚
1877 3557 2071 3640 magis
2113 3567 2184 3621 ut
2210 3577 2357 3621 can-

180 3658 396 3723 dorem
421 3673 701 3724 nostrum
724 3661 903 3724 bonis
929 3661 1078 3722 viris
1107 3654 1526 3741 probaremus,
1555 3675 1740 3740 quam
1768 3655 1933 3740 quod
1960 3653 2090 3736 illa,
2119 3655 2356 3740 qualia-

177 3778 425 3843 cunque
450 3772 632 3841 sunt,
672 3760 792 3822 boc
828 3759 1074 3845 quidem
1102 3756 1389 3836 saeculo,
1444 3766 1507 3817 et
1548 3758 1613 3817 in
1660 3755 1758 3817 his
1795 3755 1978 3818 terris
2017 3754 2097 3817 ad
2138 3775 2354 3839 quun-

180 3877 367 3941 quam
428 3860 818 3923 inficiendum
887 3858 1461 3942 depravandumque
1530 3855 1794 3918 valitura
1868 3854 2351 3920 formidaremus.
2453 3865 2458 3876 '

182 3959 336 4037 Quis
366 3963 530 4022 enim
557 3963 750 4023 nescit
767 4003 789 4041 ‚
845 3963 1027 4022 etiam
1055 3959 1161 4043 qui
1199 3957 1428 4020 litteras
1455 3974 1582 4017 non
1624 3954 1859 4035 didicit,
1900 3976 2024 4017 non
2058 3966 2194 4017 tum
2220 3958 2352 4040 pri-

181 4075 351 4121 mum
366 4101 394 4141 ι,
445 4060 859 4143 propendente
885 4059 1112 4122 scilicet
1148 4060 1274 4119 iam
1301 4056 1380 4118 ad
1406 4074 1690 4118 occasum
1711 4055 1972 4138 imperio
1982 4099 2003 4134 ,
2056 4053 2163 4118 sed
2186 4053 2349 4118 mul-

178 4157 1115 4244 fisauteaunorumcmturiis,
1155 4177 1349 4244 paene
1386 4166 1526 4241 poa
1563 4155 2349 4241 octingmtesimumstatim
